2133 3585
278 1601 336 1633 §.st

265 2056 288 2087 ᾇ,
302 2056 342 2082 10.

357 813 443 839 sare
467 814 512 838 ac
533 804 672 838 ccecerz's
689 803 916 849 principibus
940 803 1075 839 obviam
1096 803 1257 838 euntibus
1281 803 1424 848 inssredi
1441 803 1636 848 Auyuslam
1668 803 1813 839 volebat.
1864 803 1943 839 Rite
1974 815 2061 851 ergo

360 224 456 271 266
535 244 713 267 RICHARDI
734 246 961 268 RARTHOLINI
981 246 1025 267 DE
1045 245 1237 268 CONVENTV
1256 245 1482 267 AVGVSTENSI
1502 245 1732 267 DESCRIPTIO.
1753 246 1785 267 A.
1805 242 1880 270 1515.

359 357 394 387 et
424 351 626 399 principum
658 351 853 387 Germanize
898 351 1054 386 virorum
1095 351 1386 398 gravissimorum
1427 356 1461 386 et
1492 350 1826 398 potentissin'ioiaim
1858 352 2061 389 benivolen-

359 408 443 443 tiam
474 408 600 443 melius
631 419 840 443 conservare
871 418 943 443 nou
975 408 1143 454 potuerit.
1195 407 1318 442 vellem
1352 412 1389 441 ut
1420 407 1495 442 haec
1526 407 1768 454 intelligerent
1799 414 1835 445 et
1866 410 2060 456 perpende-

359 470 439 500 rent
468 464 614 500 Romani
654 465 787 511 Reges:
827 468 960 510 quotus
1002 464 1094 499 enim
1137 465 1307 511 quisque,
1348 468 1383 498 et
1414 463 1609 499 Germanus
1648 470 1683 499 et
1716 465 1749 499 in
1781 465 1984 505 Germania,
2025 471 2060 501 et

357 533 436 557 cum
468 521 649 556 Germanis
687 520 907 568 principibus
939 519 1109 555 Caesareis
1149 532 1292 567 quoque
1330 519 1454 555 aulicis
1496 520 1599 556 aliter
1635 522 1956 567 persuadentilms,
2000 521 2061 557 tali

359 578 393 613 in
423 574 661 613 conservanda
692 576 799 623 legati
832 576 1006 623 dignitate
1039 581 1318 624 temperamento
1341 588 1427 611 usus
1450 576 1599 612 suisset?
1632 576 1678 612 ita
1703 577 1743 612 iis
1767 578 1826 625 qui
1847 578 1902 613 vix
1924 589 2056 625 parem,
2079 591 2094 615 5

358 635 579 682 superiorem
608 645 691 669 vero
723 633 897 668 neminem
929 632 1059 669 habere
1090 633 1299 675 voluerunt,
1332 633 1514 673 secundm,
1546 633 1798 674 meoiudicio,
1831 640 1950 682 partes
1971 634 2062 670 (latae

358 696 459 726 sunt:
500 702 594 737 stupe
626 689 718 725 enim
750 689 866 737 specie
898 689 985 725 recti
1016 690 1224 737 decipimur.
1284 689 1479 735 Inyressus
1510 695 1562 724 ρει
1592 701 1679 736 ergo
1713 690 1918 726 Cartlimclz's
1944 692 2065 726 sancti

360 747 457 782 Sioeti
474 746 640 785 Persica,
672 751 709 780 ut
727 747 879 792 legatum
902 746 1048 781 decebat
1059 774 1067 792 ,
1091 758 1247 792 pompa,
1279 747 1411 792 quippe
1434 748 1498 792 qm·
1515 747 1568 781 vel
1588 746 1742 781 Romam
1762 749 1895 782 reverti
1912 748 1966 783 vel
1985 747 2062 783 Gee-

357 859 520 895 omnibus
550 864 649 894 extra
680 859 844 907 intraque
876 858 1046 907 templum
1077 859 1249 907 peractis,
1282 859 1372 893 sama
1405 857 1525 894 attulit
1548 858 1946 907 Hispanorumcopias,
1980 872 2058 907 quae
2077 871 2106 896 to

355 911 502 962 Xffssgffiffl
518 911 703 961 ffiffijffdel
735 916 768 950 in
799 916 987 963 Aphricam
1027 921 1152 951 contra
1190 915 1441 950 Aenobarbum
1483 915 1712 955 traiecerant,
1753 916 1889 952 levibus
1927 916 2062 964 praeliis

356 985 434 1008 cum
466 984 507 1007 eo
538 972 738 1008 commissis
769 973 817 1007 ita
849 972 1020 1020 paulatim
1051 971 1147 1007 illius
1186 972 1278 1007 vires
1316 971 1489 1018 fregisse,
1530 977 1569 1007 ut
1607 972 1722 1019 ipsum
1761 984 1841 1008 cum
1883 972 1993 1008 fratre
2025 984 2064 1009 ae

357 1029 519 1076 reliquiis
541 1028 724 1076 copiarum
748 1034 848 1076 terga
878 1035 1017 1064 vertere
1048 1028 1243 1075 coegerint,
1303 1028 1335 1063 Is
1365 1040 1444 1064 cum
1476 1028 1570 1064 intra
1600 1028 1728 1065 moenia
1751 1029 2063 1065 Tremezeniorum

356 1098 394 1121 se
425 1085 638 1132 recepisset,
670 1085 730 1121 diu
761 1091 796 1121 et
827 1085 956 1121 aeriter
988 1097 1003 1120 a
1036 1085 1172 1120 uostris
1202 1084 1378 1120 militibus
1410 1084 1579 1120 obsessus
1610 1090 1684 1125 est;
1717 1085 1777 1132 qni
1808 1098 1888 1122 cum
1919 1085 2062 1133 longius

357 1141 577 1178 obsidionem
608 1142 703 1177 serre
734 1154 804 1177 non
835 1146 976 1190 posset,
1009 1141 1085 1188 ipse
1116 1153 1185 1176 una
1216 1152 1293 1176 enm
1327 1142 1438 1176 fratre
1471 1153 1508 1177 ac
1539 1141 1669 1177 robore
1693 1141 1863 1182 militum,
1897 1153 1988 1189 quos
2010 1142 2061 1177 in-
2079 1153 2107 1178 15

358 1204 409 1234 tra
441 1209 555 1234 arcem
588 1204 794 1246 receperat,
827 1210 890 1246 per
921 1199 1095 1245 posticam
1128 1203 1267 1246 portam
1298 1197 1387 1234 clam
1410 1209 1577 1245 egressus
1600 1197 1750 1233 salutem
1774 1198 1840 1234 sibi
1864 1198 1947 1246 suga
1968 1210 2064 1234 coin-

356 1266 498 1304 parasse
530 1254 724 1291 arbitratus
756 1261 830 1296 est;
863 1255 1009 1302 IIispani
1042 1266 1124 1290 vero
1156 1254 1327 1301 evestigio
1359 1265 1477 1291 arcem
1507 1255 1670 1302 aggressi
1693 1255 1724 1290 vi
1745 1261 1937 1302 ceperunt,
1968 1266 2064 1291 com—

356 1312 570 1359 modumque
609 1312 651 1348 de
691 1312 766 1347 eius
805 1312 888 1359 suga
926 1312 1100 1347 certiores
1140 1311 1223 1346 sacti
1264 1323 1343 1347 cum
1382 1310 1497 1347 valido
1536 1311 1700 1358 equitatu
1747 1311 1931 1359 prosecuti
1969 1316 2063 1353 sunt.

354 1368 785 1408 caeterum,Aenobarbus
818 1369 852 1404 in
886 1368 1039 1403 transitu
1070 1368 1245 1407 fluminis,
1288 1367 1422 1403 nostris
1454 1367 1807 1415 supervenientilnls,
1849 1380 1929 1404 cum
1970 1368 2064 1403 haud

356 1431 434 1461 tuto
466 1425 623 1472 effugere
654 1431 796 1473 posset,
830 1436 971 1460 manum
1002 1424 1202 1464 eonseruit;
1234 1430 1430 1472 pugnatum
1462 1430 1516 1459 est
1538 1424 1705 1471 utrinque
1728 1424 1875 1465 aeriter,
1909 1424 2107 1464 tandem,20

355 1494 434 1517 cum
465 1481 581 1518 nostri
613 1482 819 1529 superiores
851 1482 982 1516 virtute
1023 1480 1175 1516 milituln
1215 1481 1431 1521 evasissent,
1472 1480 1723 1516 Aenobarbum
1760 1493 1839 1517 cum
1878 1481 1989 1517 fratre
2026 1492 2066 1518 ae

357 1544 434 1574 toto
467 1539 630 1586 equitatu
662 1538 939 1577 interfecerunt,
979 1537 1154 1584 affixaque
1185 1549 1309 1573 eorum
1339 1538 1456 1585 capita
1488 1537 1690 1573 lancearum
1723 1537 1954 1573 mucronibus
1984 1549 2065 1573 cum

358 1595 503 1631 victoria
542 1595 583 1630 ad
622 1595 762 1630 urbem·
785 1595 1033 1642 deportarunt.
1092 1594 1175 1630 Ilaec
1215 1594 1250 1629 in
1282 1594 1446 1641 Aphrica.
1496 1594 1532 1629 In
1564 1593 1751 1629 Germania
1790 1599 1907 1630 autem
1937 1594 2065 1635 Caesar,

354 1664 434 1687 cum
465 1663 564 1687 mora
595 1652 796 1699 principum
828 1663 923 1698 :egre
954 1651 1194 1691 detineretur,
1227 1650 1361 1686 relictis
1395 1650 1453 1698 qui
1487 1650 1579 1685 intra
1609 1650 1735 1686 urbem
1757 1650 1921 1691 aderant,
1952 1656 1992 1686 ut
2014 1650 2066 1686 in-

356 1708 459 1744 terim
490 1713 526 1743 et
555 1708 597 1743 de
628 1707 780 1755 publicis
812 1714 845 1742 et
879 1707 1026 1755 privatis
1059 1707 1165 1743 rebus
1195 1707 1457 1755 disceptment,
1490 1706 1589 1742 abiit.
1648 1706 1815 1742 Kalendis
1847 1712 1964 1743 autem
1994 1707 2065 1743 Au·
2078 1716 2102 1741 ’.νε

354 1760 693 1811 xiilsshczliisii‘fflisssffgtgtissfsti'
726 1760 733 1804 l
766 1760 861 1812 gusti
894 1763 1081 1804 Allienus,
1116 1763 1416 1811 Archiepiscopus
1437 1763 1666 1811 Maguntinus
1697 1775 1736 1799 ac
1766 1763 1963 1800 Germaniae
1992 1764 2066 1812 pri-

355 1833 448 1861 mas,
489 1821 619 1868 pileum
660 1833 699 1857 ac
739 1832 934 1869 purpuram
974 1820 1218 1856 Cardinalatus
1257 1821 1412 1867 accepit,
1458 1820 1705 1868 praesentibus>
1738 1820 1875 1856 Caesare
1915 1820 2066 1868 aliisque

354 1877 595 1926 priiicil‘iibus,
634 1877 816 1918 Palatino,
857 1877 1017 1915 Saxoniae
1056 1878 1161 1917 duce,
1209 1877 1473 1913 lllarcliionibns
1512 1877 1890 1924 Bramleburgensibus
1937 1877 2065 1923 tribus,

356 1934 415 1982 qui
448 1934 639 1970 secundum
672 1934 765 1970 latus
797 1935 944 1971 (hesaris
976 1934 1198 1975 assidebant3
1238 1946 1256 1969 e
1288 1934 1435 1981 regione
1474 1939 1591 1969 autem
1631 1933 1947 1970 reverendissimus
1978 1934 2066 1969 Gur-

354 1990 471 2027 censis
504 1997 626 2026 orator
657 1991 854 2039 pontilicis:
887 1990 1189 2038 Archiepiscopus
1219 1990 1437 2030 Bremensis,
1478 1990 1643 2038 Episcopi
1676 1990 1965 2038 Bambergensis,
1996 1990 2065 2038 Ay·
2079 1997 2097 2023 3Ἰ

359 2047 564 2087 stettensis‚
596 2048 854 2095 Augus-tensis,
888 2047 1142 2095 Tergestinus,
1175 2047 1408 2083 Cortonensis
1448 2047 1481 2082 in
1523 2046 1705 2082 subselliis
1745 2052 1858 2082 erant.
1918 2047 1987 2083 Res
2017 2047 2066 2083 ita

357 2110 431 2140 acta
463 2109 534 2139 est:
566 2116 645 2139 cum
677 2105 829 2152 primum
862 2104 896 2139 in
929 2103 1061 2140 sacello
1093 2103 1272 2152 pontificis
1303 2103 1497 2150 diplomata
1529 2102 1619 2138 lecta
1651 2109 1752 2143 sunt,
1788 2104 1982 2151 datumque
2014 2104 2066 2139 iu-

354 2166 571 2200 ramentum,
604 2173 794 2209 syrniaque
825 2161 1029 2196 eardineum
1063 2161 1243 2200 indutum,
1278 2159 1447 2207 templum
1479 2160 1632 2207 ingressi
1664 2165 1764 2201 suut,
1795 2166 1941 2208 peraeto
1963 2172 2066 2196 sacro

355 2230 372 2253 a
403 2216 579 2252 Cardinali
613 2218 726 2253 sancti
758 2217 847 2253 Sixti
881 2213 1061 2265 (quoniam
1093 2222 1128 2253 et
1159 2216 1288 2252 Caesari
1321 2228 1466 2264 qnoque
1496 2216 1701 2252 donativum
1734 2217 1805 2252 sive
1836 2216 2066 2253 corollarium

355 2273 574 2321 pontificium
607 2274 759 2309 dandum
791 2273 880 2320 erat)
911 2274 1212 2322 Areliiepiscopus
1234 2273 1463 2321 Magnntinus
1493 2273 1536 2308 ad
1567 2272 1677 2308 altare
1709 2273 1859 2310 accessit
1889 2278 1925 2309 et
1955 2280 2092 2321 genu-3
2132 2289 2133 2310 1

354 2330 421 2366 bus
452 2330 551 2365 flexis
592 2331 725 2365 tamdiu
766 2330 886 2370 stetit,
928 2331 1044 2379 quoad
1083 2330 1243 2378 quaedam
1284 2330 1486 2378 precamina
1517 2329 1748 2377 legerentur,
1789 2329 1918 2377 quibus
1957 2329 2066 2365 finitis

354 2387 509 2434 Legatus
539 2385 673 2434 pileum
704 2387 909 2422 cardineum
941 2387 1017 2422 eius
1048 2387 1157 2434 capiti
1189 2387 1381 2434 imposuit,
1421 2380 1685 2433 comitatusque
1725 2391 1781 2422 est
1810 2386 1852 2422 ad
1883 2385 2066 2427 subsellia,

356 2443 416 2479 ubi
448 2454 467 2477 a
497 2442 709 2479 cancellario
741 2443 947 2489 lllaguntino
979 2444 1105 2490 gratia}
1137 2442 1258 2479 relatze
1289 2449 1373 2479 snut
1405 2442 1563 2491 pontifici
1595 2443 1767 2483 maximo,
1799 2442 1953 2490 collegio
1985 2442 2067 2478 Car-

354 2498 524 2535 dinalium
556 2505 592 2534 et
621 2498 753 2545 legato.
814 2499 895 2534 Inde,
927 2500 1042 2535 Cacsar
1073 2511 1141 2535 una
1173 2511 1252 2535 cnm
1283 2499 1402 2547 legato
1432 2500 1472 2535 ad
1494 2499 1604 2535 altare
1626 2499 1822 2546 processit,
1853 2499 2066 2547 detectoque
2100 2532 2101 2535 ,

354 2550 593 2602 ξὲῇἶὶῗρῖἑεζῖξῗιᾶ
625 2553 779 2603 l.capite
811 2561 914 2603 grato
947 2556 1063 2591 animo
1094 2567 1215 2591 ensem
1247 2568 1287 2592 ac
1318 2556 1482 2595 insulam,
1516 2555 1735 2603 pontificium
1767 2567 1912 2596 mutuis,
1945 2563 2087 2592 susce-4

355 2613 468 2660 cepit;
499 2612 654 2659 Legatus
687 2612 905 2652 orationem,
938 2613 999 2648 sed
1031 2612 1171 2648 brevem
1202 2613 1454 2661 concisamque
1489 2611 1631 2652 habuit,
1676 2611 1914 2659 theologicam
1952 2614 2066 2660 magis

358 2681 463 2716 quain
494 2668 575 2705 suco
607 2668 752 2708 illitam,
786 2669 846 2704 sed
879 2669 966 2704 satis
998 2668 1193 2709 efficacem,
1228 2682 1295 2717 qua
1326 2669 1424 2705 linita
1447 2669 1481 2705 in
1504 2668 1665 2704 manibus
1688 2669 1938 2716 Imperatoris,
1970 2669 2067 2716 quod

356 2724 453 2761 soelix
485 2731 520 2761 et
551 2725 708 2762 faustum
741 2736 843 2761 omen
875 2731 989 2765 esset,
1029 2738 1148 2761 ensem
1189 2732 1225 2761 et
1264 2725 1410 2762 insulam
1444 2725 1624 2773 imposuit.
1684 2725 1843 2761 Peractis
1874 2725 1943 2762 rite
1973 2725 2067 2762 intra

444 2845 458 2865 5
481 2855 608 2887 putum.
626 2849 659 2878 2.
707 2846 720 2866 ⁷
747 2845 844 2889 ergo]
872 2846 1070 2889 Augustam
1095 2855 1123 2880 a.
1151 2846 1207 2878 Cf.
1227 2847 1330 2889 praef.
1350 2858 1382 2889 p.
1402 2845 1479 2878 248.
1535 2846 1547 2866 ὃ
1573 2847 1724 2879 Persica
1748 2857 1880 2888 pompa
1903 2846 2065 2889 legatum
2092 2842 2096 2852 '

355 2902 511 2935 decebat
529 2903 623 2943 eius,
652 2903 712 2946 qui
730 2903 808 2945 ipse
826 2903 1002 2935 vicarium
1021 2914 1101 2935 sese
1120 2904 1269 2936 dicebat
1288 2904 1364 2935 eius
1384 2904 1443 2945 qui
1461 2903 1564 2935 asino
1583 2906 1708 2935 vectus
1726 2904 1911 2943 ingressus
1929 2903 2065 2934 fertur?

354 2958 529 2991 Rhomam
546 2968 574 2992 α.
623 2960 636 2979 ⁹
661 2968 734 3000 erga
750 2961 783 2990 2.
855 2957 880 2978 ¹¹
905 2959 1098 3001 Apin-icum
1118 2962 1234 2991 1.2.4.
1277 2961 1324 2992 cf.
1344 2960 1495 2992 Hutteni
1512 2960 1656 2991 Fortun.
1677 2961 1707 2998 ξ.
1724 2959 1777 2991 77.
1804 2962 1841 2991 et
1857 2958 1958 2991 Orat.
1977 2959 2065 2990 Bar-

355 3015 483 3047 tholini
507 3018 536 3055 ξ.
556 3015 610 3048 69.
659 3013 810 3057 Aenob.]
829 3016 952 3047 Horuc
970 3016 1243 3048 Barbarossam.
1294 3015 1321 3035 ¹²
1338 3016 1465 3053 fratre]
1486 3014 1734 3047 Cliair-eddin.
1785 3013 1811 3035 ¹⁴
1828 3012 1950 3056 nostr.]
1973 3014 2065 3046 Cleri-

355 3073 484 3103 Stianis·
557 3071 582 3091 ’Β
607 3073 752 3106 tertium
779 3075 810 3103 2.
874 3071 902 3091 ²⁵
928 3071 1113 3103 Kalendas
1142 3075 1258 3103 1.2.4.
1328 3071 1356 3092 ²⁵³
1382 3071 1586 3103 Brandenb.
1615 3073 1648 3103 3.
1667 3072 1796 3114 ubique.
1868 3069 1937 3090 ³⁰¹³¹
1964 3070 2064 3102 Eich-

355 3129 457 3159 stride.
505 3126 532 3146 ³¹
559 3129 771 3161 corolarium
796 3129 871 3160 edd.

2081 3157 2085 3252 l
