2133 3585
202 297 362 318 IIVTTENI
388 297 424 317 IN
453 297 573 318 DVCEM
600 296 965 319 W1RTENPEHGENSEM
993 297 1125 318 ORATIO
1153 297 1226 319 1111.
1261 298 1296 318 M.
1317 297 1399 319 AVG.
1418 294 1548 320 Α.1517.
1662 280 1721 325 79

31 403 155 436 turam
195 398 418 448 denegatio;
458 399 526 437 ista
567 410 713 448 nupera
754 398 1032 438 misericordife
1072 403 1212 437 nostrae
1242 400 1415 449 punitio?
1453 402 1508 439 sic
1547 413 1594 439 ne
1634 413 1813 443 essetne.

29 466 150 504 iratus
180 466 321 503 misero
354 467 531 516 potuisti,
565 471 606 503 ut
637 466 759 505 nolles
788 470 952 504 mortem
983 465 1161 516 supplicii
1193 457 1407 504 extremuni
1440 468 1545 505 esse?
1576 472 1639 506 tua
1670 470 1726 506 in-

28 533 130 571 venit
161 532 368 571 crudelitas
399 533 502 583 quod
533 532 630 571 ultra
664 538 824 573 mortem
858 545 1010 584 quoque
1042 534 1366 583 progrederetur,
1399 546 1471 572 nee
1502 535 1551 572 ita
1581 536 1655 573 iam
1688 541 1728 573 ιιι

27 600 102 638 hoc
133 612 274 650 corpus
306 600 397 638 seris
428 612 471 639 ac
502 600 634 639 bestiis
666 600 927 639 dilaniandum
960 600 1170 645 obiicereS,
1203 601 1268 640 sed
1294 602 1387 639 iuvit
1409 603 1481 639 tuis
1503 603 1626 652 ipsum
1650 615 1727 640 ina-

0 666 141 706 v»nibus
170 671 358 706 tractare:
399 667 471 705 lioc
510 667 875 712 corollarium'suit,
915 668 989 705 lioc
1019 667 1156 706 sceleri
1186 673 1251 706 tuo
1283 670 1495 707 auctarium
1535 671 1725 719 reperisti,

26 735 204 773 conscius
236 734 306 772 tilii
340 734 438 773 forte
470 735 614 773 nullaui
649 736 730 774 fore
762 741 835 773 tani
869 735 1051 773 immitem
1084 735 1203 773 feram
1237 747 1321 785 quie
1351 737 1389 773 in
1422 736 1638 774 huiusmodi
1669 738 1726 774 in-

24 804 243 840 nocentiam
276 803 410 840 sievire
441 808 594 852 posset,
629 808 665 841 et
695 803 796 853 quod
828 802 954 840 nullos
984 803 1171 840 immanes
1202 802 1333 853 lupos,
1366 803 1491 841 nullas
1522 804 1623 842 diras
1643 803 1726 855 lyn-

24 881 106 913 ces,
138 868 266 907 nullos
296 868 536 908 truculentos
570 882 680 908 ursos
711 871 880 908 facturos
911 870 1126 911 credidisti,
1160 871 1234 909 tuis
1265 870 1355 908 illud
1388 871 1567 909 inanibus
1589 873 1726 922 exequi

24 936 198 981 volebas,
244 949 320 974 non
360 949 435 987 quo
475 943 578 975 tuam
618 939 844 976 immensam
883 937 1074 975 diritatem
1115 936 1241 987 aliquo
1273 950 1371 975 novo
1401 939 1556 977 invento
1587 939 1724 981 satiare

4 1016 177 1054 vposses,
217 1004 283 1043 sed
322 1009 363 1042 ut
393 1006 600 1054 genuinam
632 1004 730 1043 hane
763 1010 862 1043 tuam
896 1005 1096 1043 hauriendi
1126 1006 1324 1054 sanguinis
1360 1006 1577 1045 aviditatem
1617 1008 1723 1058 quasi

22 1071 68 1109 ad
99 1076 251 1121 tempus
282 1071 476 1111 delinires.
537 1073 583 1110 Et
612 1072 694 1110 hacc
726 1072 848 1110 feristi
880 1073 1026 1117 onmia,
1058 1076 1163 1111 tuam
1194 1077 1323 1111 tamen
1355 1075 1457 1112 sitini
1478 1087 1554 1112 non
1576 1076 1713 1113 restiu—
1727 1083 1811 1114 §.t-w..

22 1139 129 1177 xisti:
170 1138 318 1189 aliquos
357 1140 430 1177 vidi
463 1140 662 1178 carnifices
695 1144 873 1179 exoratos
903 1140 950 1178 ab
982 1140 1041 1178 his
1073 1142 1137 1190 qui
1168 1140 1356 1192 supplicio
1388 1141 1486 1180 astici
1517 1142 1722 1187 dehebant,

19 1218 69 1245 ne
101 1207 165 1244 diu
197 1208 437 1247 cruciarent,
478 1219 525 1245 ne
563 1208 735 1258 repetitis
773 1207 911 1246 ictibus
949 1208 1222 1253 verberarent,
1262 1213 1304 1246 ut
1342 1209 1520 1249 celeriter
1558 1198 1722 1249 mortem

22 1274 224 1319 afferrent,
256 1286 333 1312 uno
365 1274 479 1325 pulsu
511 1275 698 1313 cervicem
722 1280 962 1319 resecarent,
995 1277 1069 1313 cito
1090 1275 1270 1326 laqueum
1294 1281 1505 1322 necterent,
1538 1290 1613 1328 quo
1635 1278 1724 1317 lire-

0 1342 177 1380 ·‚vissinio
208 1341 353 1380 doloris
384 1353 499 1380 sensu
532 1343 603 1379 vita
635 1343 873 1387 auferretur,
911 1342 1007 1387 hoe,
1050 1343 1226 1393 inquam,
1259 1349 1436 1382 exoratos
1469 1345 1541 1383 vidi
1572 1347 1723 1384 carnifi-

22 1421 104 1452 ces,
139 1420 304 1459 quorum
335 1409 608 1447 interficiendis
638 1409 858 1448 hominihus
890 1411 1092 1448 artificium
1125 1416 1204 1455 est,
1237 1413 1302 1462 qui
1334 1413 1530 1451 fundendo
1552 1413 1722 1452 humano

19 1477 198 1526 sanguini
236 1476 385 1515 adsueti
422 1481 528 1521 sunt,
575 1489 742 1526 quorum
782 1479 944 1528 quisque
992 1482 1095 1515 tauto
1134 1479 1173 1515 in
1205 1479 1283 1516 *suo
1323 1491 1464 1528 genere
1506 1482 1628 1519 maior
1666 1487 1724 1520 est

21 1548 165 1594 quanto
197 1544 323 1582 minus
355 1556 489 1583 eorum
522 1557 617 1594 quos
648 1545 828 1584 interficit
866 1545 1094 1589 iniseretur;
1136 1550 1262 1584 tamen
1303 1547 1377 1585 lioe
1420 1549 1633 1587 ‹ezoneedere
1664 1550 1722 1587 in-

20 1612 253 1650 terficiendis
283 1611 377 1650 vidi:
409 1617 467 1656 tu,
501 1613 567 1663 qui
598 1613 768 1651 omnium
801 1613 1025 1651 carnificum
1056 1614 1176 1651 victor
1209 1626 1268 1657 ος,
1302 1627 1416 1665 quein
1448 1617 1646 1655 atrocitate
1678 1622 1811 1657 et§.1.·‚7,

0 1679 268 1727 pinelementia
298 1691 412 1717 nemo
444 1680 576 1724 vincit,
609 1692 722 1719 nenio
755 1685 897 1731 refluat,
930 1692 1006 1730 quo
1037 1693 1151 1719 nemo
1180 1683 1362 1720 immitior
1385 1687 1578 1733 tyrannus,
1609 1696 1723 1723 nemo

21 1746 190 1786 ferocior
221 1747 292 1785 suit
321 1747 529 1797 gladiator,
571 1760 647 1786 non
686 1753 834 1786 tantum
864 1760 942 1785 non
973 1748 1117 1798 aliquid
1149 1750 1195 1788 de
1227 1749 1376 1789 diritate
1407 1750 1584 1801 supplicii
1614 1753 1723 1790 inno-

21 1815 231 1853 centissimi
262 1815 410 1853 iuvenis
440 1816 641 1859 remisisti,
673 1816 740 1854 sed
772 1817 900 1854 omnia
923 1829 1006 1866 qiue
1028 1818 1110 1855 lieri
1133 1817 1342 1856 crudeliter
1364 1823 1560 1868 poterant,
1594 1821 1633 1857 in
1656 1833 1721 1859 cu-

21 1882 168 1920 mulum
201 1884 410 1932 aggerasti3
443 1895 515 1921 nec
548 1883 621 1920 iam
654 1883 744 1933 quid
777 1883 1001 1921 detraheres
1032 1885 1098 1923 sed
1130 1886 1220 1935 quid
1252 1886 1414 1924 adderes
1437 1888 1620 1937 cogitasti.
1667 1888 1811 1930 Etim.

20 1950 103 1988 lime
140 1950 186 1988 de
223 1955 287 1988 tua
328 1950 478 1989 feritate
516 1962 560 1988 ac
600 1950 844 1989 inelementia
877 1951 974 1989 dieta
1008 1953 1103 1997 sint;
1148 1957 1291 1991 tantam
1323 1966 1413 1992 vero
1445 1956 1722 2005 impudentiam

0 2018 106 2067 aquis
137 2017 299 2056 credidit
328 2022 369 2055 ut
400 2030 486 2056 eum
518 2018 600 2056 luce
630 2022 733 2057 tanta
764 2018 910 2057 scelera
942 2019 1158 2065 admiseris,
1191 2021 1317 2059 adhuc
1348 2034 1417 2059 nos
1448 2022 1623 2064 irridere,
1656 2035 1722 2061 no-

19 2084 77 2122 bis
107 2084 292 2123 insultare
324 2089 361 2123 et
390 2085 602 2124 maledictis
634 2098 787 2137 quoque
819 2087 1053 2126 contendere
1084 2089 1248 2127 audeas?
1279 2089 1343 2126 sed
1376 2090 1476 2139 quod
1509 2101 1609 2140 sirpe
1632 2090 1721 2135 dixi,

17 2152 103 2190 ficta
126 2153 194 2191 ista
218 2152 344 2191 abste
375 2152 500 2191 lzctitia
533 2158 608 2203 est,
642 2154 947 2192 commentitium
979 2155 1053 2193 hoc
1084 2156 1286 2205 gaudium,
1319 2169 1394 2206 quo
1417 2156 1631 2196 forinsecus
1653 2170 1721 2196 no-

17 2219 75 2258 his
105 2219 289 2259 molestus
320 2232 380 2258 es:
413 2232 500 2258 nam
533 2222 634 2259 intus
665 2221 771 2261 doles
802 2234 846 2260 ao
876 2224 1105 2267 macerai·is;
1138 2224 1193 2261 sic
1224 2224 1342 2262 durus
1373 2225 1514 2275 quippe
1545 2238 1622 2264 non
1652 2238 1720 2276 po-

18 2292 75 2326 tes
106 2300 211 2331 esse,
253 2293 293 2327 ut
331 2300 407 2326 non
447 2288 564 2327 inulta
602 2293 640 2327 te
676 2289 739 2327 liic
778 2290 1028 2329 acerbissime
1059 2291 1248 2329 adliciant.
1309 2295 1423 2341 atque
1454 2292 1550 2331 heus
1580 2297 1641 2338 tu,
1682 2295 1809 2332 Si§.t5⁴,›.

0 2367 143 2406 Jneque
184 2355 298 2394 liuius
335 2360 372 2394 te
410 2356 605 2394 homicidii
638 2358 902 2406 tuipissinium
933 2359 971 2396 in
1002 2359 1158 2397 moduni
1192 2360 1386 2398 commissi
1416 2360 1556 2410 pudet,
1595 2373 1721 2411 neque

19 2423 127 2462 istius
159 2435 243 2473 quae
275 2429 481 2463 consecuta
513 2428 570 2462 est
599 2425 837 2474 ignominiae,
872 2438 947 2475 quo
978 2425 1084 2464 illum
1115 2427 1270 2465 tandem
1301 2429 1355 2465 sie
1387 2428 1582 2466 desertum
1612 2433 1721 2468 tunm

19 2490 65 2528 ad
96 2490 395 2530 Maximilianum
427 2491 616 2530 Caesarem
648 2491 790 2530 abitum
824 2492 940 2531 tulisti
971 2494 1127 2531 animo?
1165 2494 1216 2532 ilii
1247 2499 1284 2534 te
1315 2495 1473 2546 puduit,
1514 2495 1630 2541 latro,
1670 2497 1722 2536 ihi

19 2558 165 2608 coepisti
195 2559 298 2597 intus
329 2559 518 2604 morderi,
559 2560 653 2597 foris
684 2559 831 2609 pallore
863 2561 1019 2605 confici;
1060 2562 1212 2600 sensisti
1244 2563 1344 2601 enim
1377 2575 1461 2613 quse
1492 2565 1567 2602 sint
1598 2564 1720 2603 homi—

18 2637 111 2663 num
150 2626 287 2664 iudicia
326 2632 417 2665 tunc
457 2640 543 2666 cum
587 2641 630 2665 ex
665 2631 765 2665 tanta
798 2627 908 2666 turba
940 2627 1146 2673 nobilium,
1185 2630 1249 2679 qui
1279 2631 1317 2668 in
1350 2635 1411 2669 tua
1444 2636 1602 2670 cruenta
1634 2632 1719 2671 aula

0 2693 158 2731 svm-sati
188 2698 296 2738 sunt,
338 2696 396 2733 vix
434 2708 533 2734 unus
577 2700 614 2734 et
652 2694 747 2732 alter
786 2697 850 2745 qui
888 2700 925 2734 te
965 2698 1214 2736 comitaretur
1244 2703 1424 2748 repertus
1455 2704 1521 2737 est.
1584 2699 1808 2744 valestino.

21 2759 153 2803 belua,
186 2761 309 2805 vides,
342 2763 517 2813 inquam,
559 2763 659 2813 quod
693 2764 745 2800 tui
775 2763 893 2813 pudet
923 2776 988 2801 eos
1019 2777 1116 2814 quos
1148 2767 1341 2814 proximos
1371 2766 1516 2805 habere
1547 2767 1720 2806 solebas?

23 2839 185 2877 quorum
218 2831 249 2866 si
280 2841 380 2868 unus
411 2835 529 2874 esset,
570 2843 644 2868 non
687 2830 795 2874 diro,
836 2831 900 2880 qui
938 2835 1045 2869 tuuni
1087 2833 1235 2870 savinus
1265 2833 1468 2883 probaret,
1508 2834 1582 2873 hoc
1622 2836 1719 2881 dico,

21 2895 85 2944 qui
125 2899 160 2932 te
200 2897 306 2934 venia
347 2897 505 2947 dignum
536 2898 741 2941 iudicaret,
782 2903 874 2936 tunc
910 2898 1083 2937 iuberem
1124 2900 1193 2937 lios
1225 2900 1482 2940 nobilissimos
1513 2903 1719 2954 principes,

20 2961 123 2999 hune
153 2961 504 3012 frequentissimum
536 2967 704 3015 equitum
737 2964 945 3015 populique
967 2966 1147 3005 Germani
1179 2974 1408 3007 conventum
1440 2974 1476 3007 te
1507 2970 1718 3015 absolvere,

20 3028 87 3066 tibi
118 3029 381 3079 impunitatem
412 3033 605 3083 irrogare,
649 3044 773 3071 meam
806 3033 1089 3072 accusationem
1130 3048 1427 3085 supervacuam,
1471 3038 1632 3076 istorum
1662 3038 1719 3077 lu-

110 3150 135 3172 ¹²
160 3157 327 3185 secarent
351 3166 440 3188 corr.
459 3157 504 3187 H.
576 3156 603 3176 3³
630 3180 637 3187 .
654 3156 757 3188 Foris
784 3158 813 3188 1.
839 3158 901 3188 sed
924 3168 1011 3189 corr,
1031 3160 1067 3190 11.
1137 3158 1164 3178 ³⁰
1191 3159 1311 3191 bellna
1339 3163 1369 3191 2.
