2133 3585
243 745 319 776 §.ak

248 1199 323 1231 §.ab

249 1923 324 1956 §532

247 2666 271 2697 §.
282 2666 322 2694 36.

330 219 425 263 224
454 238 494 260 ΙΙ.
513 237 648 265 TRANQ.
664 238 793 259 PARTE.
810 237 1015 259 ANDRONICI
1034 237 1176 259 CONTRA
1195 237 1359 259 THVRCAS
1379 236 1515 259 ORATIO
1532 237 1579 259 AD
1595 237 1790 260 GERMANOS
1810 238 1939 260 HAB.A.
1953 235 2030 261 15¹8.

329 342 557 391 ruptionibus
589 348 720 390 quanta
751 342 913 378 homines
944 342 1074 377 invadit
1105 341 1312 389 trepidatio,
1355 352 1395 376 ex
1433 353 1476 376 eo
1516 341 1602 376 satis
1633 348 1800 389 apparet,
1847 344 1941 390 quod
1974 355 2031 379 ex-

329 395 555 449 ccfflfflffiggffflfl
587 399 721 447 templo
753 398 967 434 clauduntur
996 404 1132 446 portae,
1166 398 1381 433 obserantur
1410 398 1522 438 redes,
1554 398 1676 445 paucis
1708 398 1749 433 ad
1781 411 1884 446 opem
1916 401 2032 435 feren-

330 457 409 491 dam
440 456 474 490 in
506 456 622 491 forum
652 455 867 503 progressis.
936 454 1064 498 Quaeso
1104 466 1197 490 nunc
1235 453 1393 500 cogitate
1433 465 1511 490 cuni
1549 453 1677 489 vestris
1717 447 1843 491 animis
1881 455 2031 492 abducta

331 524 478 560 pecora,
511 517 664 548 vastatos
695 522 821 558 agros,
862 510 961 546 villas
993 511 1174 550 incensas,
1213 521 1334 545 eversa
1365 509 1647 545 Christianorum
1687 510 1730 545 ab
1768 511 2031 547 immanissimis

330 564 510 615 {ffl‘gffissf'l
543 568 690 604 Thurcis
723 567 864 614 oppida.
916 567 977 614 qui
1007 579 1078 602 non
1099 566 1332 615 profliantur,
1364 571 1404 601 ut
1425 567 1625 614 provincias
1648 567 1797 607 saciant,
1829 573 1869 603 ut
1897 567 2030 603 tributa
2061 580 2075 604 5

331 624 534 665 civitatibus
566 625 772 671 imponant,
804 635 928 671 nempe
959 623 1111 659 solidum
1143 628 1309 670 quierunt
1339 622 1544 669 imperium,
1577 622 1659 658 alibi
1691 623 1867 670 indigenis
1897 624 2031 664 eiectis,

333 676 571 727 ffgffiglffiu‘ssssgssfffa‘
634 680 716 715 alibi
747 679 943 727 puberibus
975 680 1191 718 intersectis,
1224 678 1308 714 alibi
1339 690 1402 714 nec
1431 679 1552 726 pueris
1574 690 1638 714 nec
1659 679 1825 715 fcemineo
1847 691 1933 715 sexu
1954 692 2035 727 par-

333 743 473 776 centes,
505 737 610 772 urbes
633 737 781 771 maxima
803 737 899 771 rabie
922 736 1108 775 invadunt,
1142 740 1334 782 occupant,
1367 740 1622 781 prosternunt:
1654 735 1791 770 videres
1814 736 1943 771 effusas
1964 748 2030 784 per

334 789 497 840 §cfgssssrfiffl'
567 793 692 828 domos
724 798 759 827 et
790 792 920 840 templa
951 792 1107 828 flammas
1139 804 1177 828 ac
1209 791 1343 838 ingenti
1374 792 1517 838 fragore
1550 797 1641 827 tecta
1671 803 1862 833 corruere;
1902 792 1985 828 hinc
2014 804 2032 828 a

335 848 662 897 complorantibus,
694 848 792 884 illinc
822 861 840 884 a
872 849 1100 885 saevientibus
1132 860 1172 884 ex
1203 847 1344 883 sublato
1375 847 1530 883 clamore
1560 859 1668 883 unum
1699 848 1871 883 horribile
1903 860 2029 884 sonmn
2049 861 2077 886 ιο

335 907 517 946 ell'eetuin;
548 905 728 941 nonnullis
760 906 795 940 in
827 911 985 941 extremo
1016 916 1164 940 suorum
1194 903 1381 951 complexu
1411 904 1692 944 cohaerentibus,
1733 903 1812 940 aliis
1843 910 1924 940 ante
1955 916 2033 941 aras

335 975 375 998 ac
414 963 489 1009 ipsa
519 962 574 997 dci
611 961 808 1009 pulvinaria
846 961 1036 1008 iugulatis;
1074 961 1131 996 hic
1170 967 1281 997 mater
1319 961 1454 996 frustra
1492 961 1645 996 retinere
1685 966 1810 997 conata
1851 961 2032 1001 infantem,

336 1019 407 1054 illic
436 1018 591 1065 virgines
623 1018 658 1053 in
688 1024 883 1065 conspectu
914 1022 1102 1065 parentum
1134 1023 1389 1065 constupratae.
1448 1017 1499 1051 Dii
1530 1017 1764 1057 immortales,
1798 1023 1928 1064 quanta
1950 1029 2034 1065 pro—

336 1066 534 1123 phanorum
573 1086 829 1121 sacrorumque
867 1074 1041 1121 direptio!
1090 1079 1244 1121 quantus
1281 1073 1504 1109 efferentium
1543 1074 1683 1121 praedas
1721 1074 2032 1121 repetentiumque

336 1131 534 1167 discursus!
567 1130 704 1166 Interea
734 1130 823 1165 nihil
855 1131 967 1165 audiri
998 1136 1131 1178 praeter
1160 1130 1314 1177 gemitus
1344 1129 1569 1177 eiulatusque
1600 1142 1639 1166 ac
1662 1130 1789 1179 impios
1819 1130 1941 1165 hostes
1971 1135 2032 1165 aut
2051 1143 2079 1168 ¹5

339 1188 493 1235 gladium
524 1187 720 1227 vibrantes,
752 1192 812 1222 aut
843 1187 939 1222 fores
971 1187 1217 1234 effringentes,
1251 1192 1310 1222 aut
1341 1187 1432 1222 aedes
1462 1187 1657 1222 diruentes.
1708 1186 1786 1222 Alia
1814 1192 1899 1222 tunc
1920 1183 2032 1222 forma

335 1244 486 1281 civitatis
519 1244 688 1279 saeviente
719 1244 801 1290 igne
833 1255 871 1279 ac
899 1243 1162 1290 profluentibus
1194 1243 1277 1278 rivis
1309 1243 1507 1290 sanguinis,
1549 1248 1589 1279 ut
1626 1243 1737 1291 ipsam
1769 1255 1912 1290 quoque
1941 1243 2033 1279 dice-

337 1313 392 1349 res
424 1300 608 1336 lamentari
639 1312 739 1335 suam
770 1311 991 1346 suorumque
1021 1300 1170 1335 ruinam.
1221 1300 1362 1335 demum
1402 1305 1535 1347 quanto
1577 1311 1656 1335 cum
1695 1300 1847 1335 horrore
1878 1299 1938 1335 illa
1968 1311 2034 1335 vox

336 1357 529 1404 excipitur,
571 1368 679 1404 quum
711 1356 754 1391 iis
794 1356 853 1403 qui
885 1357 988 1404 pauci
1027 1356 1159 1391 serrum
1199 1360 1304 1403 atque
1344 1356 1543 1392 incendium
1583 1356 1775 1396 evaserint,
1814 1367 2033 1404 unoquoque

336 1420 416 1449 ante
448 1426 551 1449 suum
582 1414 785 1460 pratilonem
817 1413 1004 1448 cathenato
1034 1412 1277 1459 proclamatur
1307 1412 1463 1448 ‘Veteres
1493 1413 1643 1459 migrate
1665 1412 1823 1448 colonil’
1854 1418 1938 1448 tunc
1958 1412 2031 1460 pri·
2045 1424 2078 1449 20
2114 1407 2115 1411 ¹

337 1482 433 1506 mum
463 1471 540 1518 capi
570 1470 656 1505 urbs
687 1469 844 1508 videtur,
878 1475 961 1504 tunc
992 1469 1127 1504 frustra
1156 1468 1294 1504 dulcem
1326 1469 1474 1516 patriam
1508 1469 1782 1517 respicientibus
1812 1469 1892 1504 novi
1915 1468 2034 1517 plora-

337 1533 394 1562 tus
425 1527 644 1562 excitantur:
676 1526 745 1561 heu
776 1525 1007 1573 relinquenda
1039 1531 1094 1560 est
1123 1526 1271 1565 domus,
1309 1537 1379 1560 non
1411 1526 1561 1573 amplius
1593 1518 1750 1561 adeunda
1790 1525 1939 1573 templa,
1978 1537 2035 1562 ca-

336 1584 485 1619 rendum
524 1571 614 1622 stiis,
660 1582 849 1617 carendum
889 1582 1028 1621 amicis,
1076 1593 1139 1617 nec
1177 1593 1267 1617 uxor
1303 1583 1418 1617 visura
1458 1583 1622 1618 maritum
1670 1593 1735 1618 nec
1772 1587 1885 1617 mater
1922 1581 2034 1618 filium

336 1635 585 1686 ᾇξξζζξξξξιζζῑξᾙω·
615 1642 623 1687 Ι
655 1639 848 1685 abiguntur
880 1638 912 1673 in
944 1637 1196 1686 deplorandam
1226 1639 1483 1685 captivitatem,
1526 1639 1587 1674 uhi
1624 1638 1739 1686 patria
1768 1650 1841 1674 non
1870 1639 1923 1673 uti
1952 1638 2035 1674 reli-

338 1697 464 1744 gione,
496 1707 567 1731 non
600 1696 801 1742 quiescere,
842 1706 910 1729 non
943 1695 1042 1742 loqui
1074 1706 1139 1742 pro
1171 1694 1320 1730 arbitrio
1358 1695 1479 1735 datur,
1519 1700 1626 1742 atque
1664 1700 1703 1730 ut
1739 1700 1952 1743 praeteream
1982 1695 2034 1731 in·
2047 1707 2079 1732 2³5
2110 1726 2111 1731 ,

336 1764 482 1788 numera
513 1752 769 1799 mancipiorum
802 1752 893 1799 apud
915 1752 1071 1787 Thurcas
1101 1756 1136 1785 et
1167 1751 1372 1798 gravissima
1401 1751 1641 1791 incommoda,
1673 1750 1760 1786 illud
1781 1752 1929 1797 maxime
1950 1751 2035 1788 facit
2130 1748 2133 1751 ’

339 1810 488 1844 invisum
519 1820 657 1844 omnem
690 1808 822 1843 vivendi
854 1808 1018 1848 modum,
1058 1808 1153 1854 quod
1192 1808 1433 1844 iumentorum
1471 1809 1582 1844 vicem
1613 1808 1732 1843 subire
1763 1813 1967 1855 cogantur,
1995 1819 2033 1844 se
2120 1834 2121 1853 i

340 1867 438 1914 ipsos
469 1871 693 1905 execrantes,
727 1865 821 1911 quod
854 1864 961 1899 semel
993 1876 1057 1911 pro
1089 1863 1253 1899 libertate
1286 1864 1319 1899 in
1351 1864 1456 1900 natali
1489 1864 1566 1900 solo
1597 1864 1793 1901 fortissime
1824 1876 1897 1900 non
1927 1876 2033 1901 occu-

340 1922 500 1962 buerint,
532 1933 626 1957 nunc
655 1933 735 1961 eos,
768 1933 874 1968 quum
906 1921 1064 1968 quotidie
1094 1920 1310 1961 moriantur,
1348 1922 1439 1957 mori
1478 1933 1548 1956 non
1579 1932 1695 1969 posse.
1754 1921 1843 1956 Num
1873 1921 2035 1957 ridebitis

338 1980 427 2014 hanc
457 1983 614 2025 stragem
646 1978 789 2012 humani
820 1977 961 2023 generis
994 1977 1145 2024 fideique
1177 1977 1362 2021 catholicae
1392 1978 1626 2013 detrimenta?
1658 1977 1723 2013 Sed
1753 1988 1884 2025 parre,
1917 1984 1956 2014 ut
1977 1983 2031 2014 est
2045 1975 2102 2015 30'

336 2047 465 2083 procax
496 2034 690 2070 multorum
722 2040 848 2069 natura
879 2034 913 2069 in
936 2020 1199 2074 alienifflinali&
1233 2034 1405 2069 ridebitis.
1457 2035 1506 2069 sic
1528 2034 1639 2070 Grreei
1661 2034 1772 2073 Asiae,
1804 2033 1912 2082 Illyrii
1937 2035 2033 2070 Grae-
2062 2031 2066 2041 '

335 2103 457 2127 eorum
498 2090 600 2126 malis
638 2090 870 2133 laetabanturg
909 2102 1002 2125 nunc
1042 2096 1174 2126 nostrae
1212 2102 1275 2125 vos
1313 2091 1429 2126 clades
1469 2088 1659 2126 oblectant.
1719 2096 1755 2125 at
1785 2091 1926 2138 quidem
1962 2102 2033 2126 non

337 2143 557 2194 ggffiffifflguffiffif'·
589 2142 598 2186 Ι
636 2147 715 2182 risit
746 2147 926 2186 Carniola,
970 2158 1041 2182 non
1081 2147 1207 2186 Stiria,
1250 2143 1418 2194 repagula
1457 2147 1583 2185 domus
1621 2147 1796 2187 Austriae;
1836 2158 1907 2182 non
1952 2147 2033 2183 risit

337 2205 467 2239 Forum
498 2204 642 2243 lulium,
675 2203 899 2239 Venetiarum
930 2204 1117 2243 horreum,
1150 2215 1259 2250 quum
1290 2203 1388 2239 nullo
1411 2203 1605 2251 repellente
1628 2203 1874 2239 ferocissimus
1896 2204 2033 2239 Thurca

337 2272 434 2295 more
467 2259 623 2295 fulminis
656 2260 771 2295 onmia
812 2260 908 2295 ferro
938 2260 1148 2307 fiammaque
1188 2265 1409 2307 protereret:
1449 2260 1619 2307 potuistis
1658 2260 1778 2295 audire
1818 2254 2128 2367 111iser0ru1n³⁵¹

336 2317 490 2363 gemitus
529 2328 569 2351 ac
607 2315 817 2351 ululantium
859 2316 1013 2351 hostium
1056 2316 1250 2352 terribilem
1288 2315 1496 2357 clamore1n;
1536 2316 1692 2363 undique
1732 2316 1902 2352 fumantia
1941 2321 2031 2352 tecta
2095 2343 2097 2358 4

335 2373 588 2409 cernebantur:
620 2372 719 2407 ardet
750 2372 894 2411 vicinia,
928 2373 1020 2419 ignis
1053 2373 1120 2409 iam
1150 2373 1310 2420 proxima
1342 2385 1491 2420 quaeque
1513 2372 1727 2421 populatur,
1760 2373 1820 2420 qui
1842 2378 2032 2420 postquam
2094 2367 2121 2430 11

336 2430 405 2465 late
435 2429 584 2464 diffusus
615 2433 687 2467 est,
719 2428 862 2464 difficile
893 2430 1134 2475 extinguitur:
1167 2429 1306 2464 facilius
1336 2430 1427 2465 enim
1459 2435 1512 2465 est
1542 2429 1783 2465 crescentibus
1814 2430 1947 2465 viribus
1978 2441 2031 2465 re-

336 2487 463 2521 sistere
495 2496 597 2532 qnam
630 2496 737 2531 quum
770 2485 845 2531 ipse
877 2485 993 2520 omnia
1024 2497 1086 2519 sua
1117 2485 1378 2532 magnitudine,
1420 2489 1489 2534 quo
1527 2498 1565 2521 se
1605 2485 1869 2530 inclinaverint,
1911 2486 2032 2534 oppri-
2092 2491 2094 2532 ξ

336 2538 503 2588 Egggffilffl
535 2537 542 2581 Ι
574 2546 679 2576 mant.
732 2540 863 2588 quippe
894 2552 964 2576 non
998 2546 1128 2576 temere
1160 2542 1330 2577 Caesarem
1361 2543 1569 2578 dictatorem
1601 2542 1719 2578 dicere
1758 2541 1903 2578 solitum
1935 2545 2030 2579 {iece-
2045 2537 2094 2578 401

337 2599 451 2646 pimus
483 2597 674 2633 ‘difficilius
706 2609 741 2631 se
773 2597 969 2644 principem
1000 2598 1150 2633 civitatis
1182 2610 1198 2633 a
1231 2599 1345 2645 primo
1386 2599 1507 2634 ordine
1547 2599 1579 2633 in
1619 2599 1830 2639 secundum,
1877 2610 1981 2646 quam
2011 2610 2029 2634 a
2090 2606 2093 2652 f

339 2655 492 2690 secundo
525 2655 559 2689 in
589 2654 820 2700 novissinnnn
853 2654 1016 2689 detrudi'.
1067 2654 1232 2689 Profecto
1265 2655 1340 2690 haec
1363 2655 1481 2690 eadem
1504 2655 1537 2689 in
1561 2655 1709 2690 Thurcis
1740 2655 1853 2690 multo
1875 2656 2028 2691 certiora
2090 2653 2091 2662 ¹
2132 2645 2133 2650 Ἰ

338 2716 527 2758 apparent,
560 2710 734 2757 siquidem
765 2721 828 2745 nec
858 2710 1093 2757 potentissimi
1126 2722 1227 2757 reges
1259 2723 1382 2747 eorum
1414 2712 1582 2758 impetum
1613 2712 1791 2747 sustinere
1821 2716 2027 2759 potuerunt,

335 2764 500 2818 ffffi'jssssoeffffl
530 2771 539 2814 Ι
569 2778 635 2803 nec
664 2765 706 2801 ab
738 2765 799 2801 illo
831 2766 1030 2802 fortissimo
1061 2767 1205 2802 Matthia
1237 2779 1321 2814 rege
1352 2768 1559 2815 llungariae,
1593 2768 1653 2815 qui
1684 2780 1755 2804 non
1786 2768 1939 2804 Austriae
1971 2778 2028 2803 so-

425 2945 433 2966 ¹
460 2947 600 2978 invadit
623 2946 671 2978 sic
689 2948 719 2978 1.
771 2942 795 2965 ¹⁵
820 2945 1035 2978 dirruentes.
1056 2947 1084 2978 1.
1135 2943 1161 2966 ¹⁹
1188 2944 1448 2989 ex-lexcipitur.
1469 2946 1497 2977 1.
1555 2943 1729 2987 euafeint,
1750 2948 1780 2978 1.
1841 2943 1871 2966 ²⁰
1888 2945 1967 2979 vet.
1982 2955 2025 2978 m.

335 3005 380 3041 c.]
406 3001 541 3043 Vergil.
563 3003 630 3035 ecl.
649 3003 710 3034 IX.
728 3003 760 3033 4.
806 3001 834 3021 ²²
860 3003 907 3033 cf.
925 3004 1011 3034 Hor.
1031 3003 1086 3034 od.
1106 3003 1154 3034 II.
1177 3003 1275 3043 1431.
1323 3002 1347 3023 ³¹
1376 3002 1495 3043 Iltirij,
1524 3005 1553 3033 1.
1602 3002 1628 3022 ³¹
1648 3004 1848 3035 Novissime
1868 3006 1948 3044 post
1963 3012 2025 3044 pu·
2084 2992 2085 3009 ³
2113 3010 2129 3047 1¹

335 3069 440 3101 gnam
467 3060 560 3101 apud
586 3060 811 3101 Naupactum
836 3058 1022 3100 (Lepmzlo)
1057 3070 1089 3090 a.
1111 3059 1206 3093 1409.
1238 3061 1377 3091 'Furcae-
1396 3059 1431 3090 in
1470 3069 1530 3090 eas
1562 3060 1768 3100 provincias
1803 3060 2022 3101 inruperant.
2083 3070 2085 3097 ‚¹
2114 3056 2117 3089 i

332 3115 361 3135 ‘¹⁰
386 3116 600 3156 aecaepimus
627 3118 654 3147 1.
703 3115 848 3147 Sueten.
875 3118 910 3145 in
928 3115 994 3146 Iul.
1013 3116 1104 3146 Caes.
1124 3116 1177 3148 29.
1237 3115 1264 3135 ⁴¹¹
1289 3115 1462 3147 Matthias
1479 3115 1507 3148 1.
1526 3114 1712 3147 Corvinus.
1733 3126 1764 3147 a.
1780 3113 2001 3147 1458...1490.
