2133 3585
848 703 1020 739 ORATIO.

196 827 364 863 Venimus
402 839 420 862 a
458 839 544 874 rege
584 835 731 866 nostro,
772 827 1011 862 sacratissime
1052 826 1264 873 imperator,
1306 825 1346 860 ad
1387 825 1481 860 hunc
1517 824 1788 861 celeberrimum
1806 832 1863 861 §.L

84 889 315 923 conventum,
355 895 458 930 quem
500 883 605 919 solita
639 883 819 929 vigilantia
853 889 911 918 tua
942 895 1007 930 pro
1040 883 1153 917 salute
1185 882 1375 917 Christiani
1416 886 1530 917 status
1569 894 1670 928 aeque
1701 894 1796 918 com-

84 941 245 976 mendate
278 946 316 975 ut
348 945 526 987 oportune
558 941 625 976 hoe
657 940 735 975 loeo
768 945 804 975 et
836 945 996 987 tempore
1029 938 1218 974 instituere
1249 938 1401 977 curasti,
1442 938 1555 973 acturi
1598 938 1794 973 maiestatis

58 997 196 1044 :si-ogiae
229 1002 264 1031 et
296 996 595 1043 amplissimorum
628 997 704 1031 eius
734 996 974 1031 dominiorum
1005 995 1147 1030 nomine
1181 1007 1259 1042 qino
1292 995 1333 1029 ad
1355 999 1512 1030 sanctam
1534 995 1795 1041 expeditionem

84 1052 287 1100 generalem
317 1059 443 1088 contra
474 1052 748 1088 immanissimos
771 1053 926 1088 Thurcas
959 1052 1090 1087 totiens
1121 1053 1343 1098 propositam
1374 1051 1558 1086 commode
1579 1050 1792 1086 attinebant.

84 1108 259 1151 Quantum
292 1120 374 1144 vero
407 1109 617 1144 necessariae
649 1109 721 1144 sint
752 1109 929 1156 simulque
961 1120 1039 1144 cum
1071 1108 1139 1143 vita
1173 1107 1329 1143 omnium
1361 1112 1526 1142 nostrum
1565 1107 1793 1142 desideratis·
1809 1114 1865 1144 §..¹.

84 1165 182 1200 simae
214 1166 498 1212 pra¹parationes
530 1166 607 1201 isim
640 1165 924 1200 Cluistianorum
955 1164 1164 1200 coadunatis
1195 1164 1350 1203 viribus,
1392 1163 1506 1199 hostis
1537 1169 1638 1199 aucta
1668 1169 1795 1211 poti-n-

87 1222 133 1257 tia
165 1226 331 1257 testatur.
393 1222 461 1256 lam
493 1233 604 1257 annos
636 1222 781 1257 circiter
812 1222 1041 1268 septuaginta
1072 1226 1157 1268 post
1188 1220 1379 1255 infielieem
1411 1225 1446 1254 et
1477 1219 1719 1255 calamitosam
1741 1220 1795 1254 Bi—

43 1290 72 1315 io
86 1277 193 1313 santii
223 1278 442 1325 captionem,
477 1289 554 1324 qna}
585 1277 741 1324 patulam
774 1278 815 1312 ad
847 1290 912 1312 nos
944 1276 1110 1312 hostibus
1142 1277 1281 1313 ianuam
1311 1276 1476 1324 praebuit,
1507 1276 1597 1311 nihil
1618 1276 1712 1311 aliud
1735 1288 1795 1311 au-

83 1334 199 1369 dimus
242 1345 346 1380 quam
385 1333 502 1369 clades
543 1339 649 1380 atque
689 1333 822 1368 excidia
854 1334 1024 1369 continua
1055 1334 1339 1368 tlln‘istianorum
1379 1345 1396 1368 a
1430 1332 1599 1373 Thurcis;
1637 1338 1673 1368 et
1713 1333 1794 1367 dum

85 1401 207 1425 omnes
238 1390 281 1425 ad
312 1389 569 1429 resistendum,
604 1395 642 1425 ut
673 1401 738 1437 par
769 1395 882 1430 esset,
916 1401 1135 1436 consurgere
1167 1389 1405 1435 negligimus,
1438 1394 1493 1424 tot
1514 1388 1694 1436 principes
1716 1401 1795 1424 cum

85 1446 237 1481 subditis
269 1446 363 1485 suis,
406 1451 460 1481 tot
492 1457 596 1492 reges
627 1457 706 1482 cum
739 1458 862 1481 eorum
894 1445 1058 1493 populis,
1104 1451 1158 1480 tot
1187 1445 1340 1492 denique
1371 1457 1481 1492 regna
1510 1445 1684 1480 ditissima
1715 1457 1795 1481 cum

83 1514 209 1549 magna
240 1502 370 1538 iniuria
401 1501 587 1549 religionis
620 1507 753 1539 nostrie
785 1507 820 1538 ct
852 1503 1001 1538 maxima
1032 1502 1245 1548 indignitate
1277 1501 1469 1536 Christiani
1510 1501 1650 1548 imperii
1690 1502 1796 1537 mise-

85 1558 247 1594 rabiliter
276 1558 391 1594 deleta
424 1564 519 1594 sunt.
581 1571 658 1606 quie
689 1558 897 1605 singillatim
930 1570 1138 1594 enumerare
1169 1558 1275 1593 dolor
1306 1558 1469 1605 profecto
1493 1569 1646 1593 inserere
1668 1558 1795 1605 plenus
1812 1564 1868 1596 §.3.

41 1615 271 1663 ¹5prohibet,
305 1615 590 1662 quamloquidem
612 1627 727 1663 neque
749 1628 787 1651 ea
810 1627 864 1650 me
887 1616 1022 1651 reserrc
1043 1626 1157 1662 neque
1190 1627 1251 1648 vos
1283 1614 1403 1650 audire
1436 1614 1539 1650 siccis
1571 1614 1683 1649 oculis
1714 1614 1798 1649 lice-

85 1677 157 1707 ret:
188 1671 304 1719 capita
337 1677 518 1719 uteunque
549 1672 757 1719 decerpam:
791 1683 907 1707 nonne
938 1672 1096 1707 videmus
1118 1671 1237 1707 Asiam
1269 1672 1488 1711 universam,
1522 1682 1600 1718 quae
1632 1682 1650 1705 e
1684 1670 1798 1705 tribus

85 1728 182 1763 orbis
216 1728 404 1774 triangulis
435 1728 548 1763 maior
578 1734 649 1767 est,
690 1728 759 1763 biis
799 1734 834 1762 et
873 1728 952 1763 aliis
985 1727 1186 1763 infidelibus
1225 1728 1455 1774 occupatam?
1495 1727 1685 1774 Aphricam
1724 1727 1798 1762 sere

86 1790 196 1820 totam
229 1784 346 1831 impiis
378 1796 416 1819 ac
448 1783 633 1819 sceleratis
665 1796 789 1819 eorum
821 1785 983 1820 manibus
1014 1784 1235 1819 desolatam?
1275 1783 1425 1831 Europae
1465 1794 1627 1829 magnam
1658 1788 1797 1830 partem

86 1846 139 1875 tot
178 1840 351 1876 incendiis
388 1846 424 1875 et
462 1840 616 1876 assiduis
648 1840 909 1876 vastationibus
940 1840 1186 1876 debilitatam?
1225 1840 1267 1875 Et
1298 1841 1482 1887 hueusque
1513 1840 1794 1875 dormitavimus.

39 1901 71 1926 20
86 1896 153 1931 Sed
183 1908 248 1932 nec
278 1896 347 1931 hiis
378 1902 567 1932 contentus
598 1897 732 1937 hostis,
767 1902 804 1932 ut
835 1897 967 1932 sortior
996 1897 1114 1937 tieret,
1147 1897 1276 1944 Egypti
1308 1901 1342 1931 et
1374 1896 1485 1944 Syriae
1518 1908 1656 1943 regem,
1690 1907 1796 1943 quem
1811 1905 1871 1936 §.4.

83 1952 292 1988 Solthanum
323 1953 457 1992 dicunt,
488 1947 682 2000 aggressus
714 1954 894 2000 superavit
925 1954 1111 2001 totiusque
1133 1953 1244 2001 Syriae
1265 1959 1301 1988 ct
1321 1952 1468 2000 AEgypti
1492 1964 1531 1987 ea
1552 1953 1699 1987 victoria
1721 1952 1796 1998 (scd

84 2014 119 2044 et
148 2008 425 2056 Hierosolymae‚
464 2009 588 2045 matris
624 2014 776 2047 nosti-se,
819 2010 877 2044 ubi
911 2010 1007 2045 salus
1040 2015 1117 2045 orta
1149 2009 1216 2055 est)
1256 2010 1400 2045 unicum
1431 2020 1468 2044 se
1499 2009 1683 2044 dominum
1713 2020 1798 2044 con—

84 2066 219 2105 stituit,
262 2071 297 2100 et
337 2065 450 2101 altero
489 2066 564 2101 scre
595 2066 745 2113 imperio
777 2065 885 2113 longe
916 2072 996 2102 ante
1028 2065 1290 2101 formidabilem
1329 2065 1525 2113 potentiam
1558 2077 1656 2100 suam
1689 2065 1796 2101 auxit.

84 2132 149 2157 nos
179 2133 262 2157 vero
297 2127 502 2169 torpemus,
545 2127 579 2157 et
621 2121 726 2157 bellis
759 2122 939 2158 intestinis
970 2122 1050 2170 plus
1082 2122 1280 2157 insolenter
1311 2133 1413 2169 quam
1447 2122 1646 2157 necessario
1679 2121 1798 2168 exagi-

40 2182 71 2206 2'5
85 2178 146 2213 tati
177 2177 305 2225 gladiis
335 2178 470 2213 nostris
501 2178 719 2214 domesticos
751 2178 831 2214 fidei
870 2185 932 2215 aut
961 2179 1082 2227 potius
1122 2179 1290 2226 nosipsos
1329 2178 1537 2213 detestanda
1576 2177 1798 2225 malignitate

84 2234 329 2275 consodiinus;
361 2246 425 2270 nec
455 2235 641 2282 propheta»,
674 2235 845 2282 sapientis
878 2235 1000 2274 verba,
1035 2247 1115 2282 qino
1146 2236 1315 2270 adversus
1347 2246 1413 2270 nos
1444 2240 1611 2282 tanquam
1635 2234 1799 2269 ethnicos

84 2289 283 2330 clamitant,
330 2291 583 2331 attenduntur,
629 2291 807 2339 dignaque
848 2292 996 2327 facinori
1035 2291 1211 2339 supplicia
1258 2291 1493 2326 annunciant:
1543 2291 1634 2338 ‘ipsi'
1680 2290 1797 2337 inquit

85 2352 220 2382 ‘eontra
249 2347 458 2393 sanguinem
489 2359 592 2383 suum
625 2347 859 2387 insidiantur’‚
892 2354 927 2383 et
958 2348 1068 2384 infra:
1102 2354 1182 2395 ‘ego
1214 2359 1309 2387 vero,
1340 2348 1422 2383 dum
1455 2348 1506 2382 eis
1536 2346 1720 2394 repentina
1745 2347 1796 2381 in-

86 2404 222 2449 gruerit
261 2404 460 2444 calamitas,
506 2415 579 2439 non
617 2403 824 2440 exaudia1n.'
882 2405 988 2440 Parat
1026 2416 1119 2440 nunc
1158 2405 1193 2439 in
1233 2404 1453 2440 Christianos
1494 2410 1590 2439 terra
1636 2403 1795 2450 marique
1811 2412 1870 2443 §.5.

44 2463 181 2494 30arma
213 2472 292 2499 sua,
336 2460 443 2495 instat
475 2460 695 2496 Turcharum
736 2460 867 2496 framea
905 2461 1012 2509 capiti
1050 2466 1086 2496 et
1123 2460 1226 2496 collis
1266 2461 1417 2500 nostris,
1458 2466 1492 2495 et
1523 2460 1635 2495 adhuc
1668 2460 1797 2495 oscita-

86 2527 181 2558 mus,
214 2516 339 2563 vixque
370 2517 411 2552 ad
442 2528 564 2564 pacem
595 2522 722 2552 mutuo
753 2517 1030 2564 amplectendam
1064 2523 1157 2552 tanta
1189 2517 1339 2565 periculi
1371 2517 1613 2563 magnitudine
1646 2521 1796 2563 urgente

87 2578 220 2607 mentes
252 2584 466 2620 componere
498 2572 679 2612 volumus,
712 2573 828 2609 Leone
860 2574 1086 2609 sanctissimo
1119 2574 1149 2608 id
1183 2575 1257 2609 dies
1290 2579 1486 2620 noctcsque
1516 2578 1683 2613 ein-ante;
1716 2573 1799 2607 hor-

88 2633 182 2663 tatur
219 2640 284 2664 nos
326 2629 462 2669 hostis,
511 2629 640 2665 excitat
679 2642 697 2663 a
736 2640 883 2669 somno,
934 2631 1208 2666 commonefacit
1248 2630 1407 2670 desides,
1451 2634 1635 2676 torpentes
1676 2634 1798 2668 terret,

88 2683 170 2719 dum
201 2684 413 2734 iampridem
444 2685 486 2721 ad
517 2685 635 2721 hostia
668 2685 852 2725 Tiberina,
884 2697 977 2722 nune
1009 2698 1091 2721 vero
1123 2692 1204 2721 ante
1235 2698 1369 2734 paucos
1402 2698 1541 2722 menses
1572 2685 1704 2720 circum
1734 2685 1799 2720 Ra-

46 2743 78 2770 35
92 2739 228 2776 chanati
258 2742 403 2781 moenia,
437 2747 471 2777 et
502 2741 598 2778 hisee
631 2742 696 2777 iam
726 2741 871 2781 diebus,
903 2742 985 2777 dum
1018 2742 1073 2778 hic
1103 2742 1260 2790 agimus,
1301 2744 1430 2778 iterum
1461 2743 1502 2778 ad
1534 2741 1641 2777 Ostia:
1672 2747 1799 2789 portus

146 2883 155 2904 ¹
174 2883 450 2926 Inscriptionem
469 2887 623 2917 mutavit
640 2888 681 2917 R.
730 2883 743 2903 ⁴
761 2895 841 2926 opp.
860 2887 902 2916 R.
957 2885 1176 2927 Magestatis
1191 2887 1267 2926 sere
1286 2887 1371 2930 ecbiq.
1384 2890 1414 2918 1.
1463 2886 1475 2906 ὓ
1501 2887 1640 2919 Tureas
1653 2891 1695 2920 R.
1710 2888 1796 2928 ztbtq.

88 2940 195 2971 toties
220 2944 261 2972 R.
325 2940 378 2961 9⁴⁰
403 2942 568 2982 Byzantii
594 2946 634 2974 R.
700 2939 769 2960 ¹⁶·17
795 2944 816 2972 i.
835 2951 863 2971 e.
884 2941 991 2972 trium
1016 2941 1277 2984 triangulorum
1296 2943 1453 2974 maxima
1472 2946 1539 2973 est..
1567 2943 1711 2976 Paeonas
1729 2944 1796 2974 La-

41 2985 44 3042 f
88 2997 154 3026 tine
179 2998 333 3039 loquitur.
382 2995 409 3016 ¹7
434 2997 489 3029 his
506 2996 653 3040 Rsubiq.
718 2997 793 3028 Afr.
814 3002 853 3028 R.
905 2996 929 3015 ¹⁰
957 2996 1007 3038 et]
1035 3008 1076 3029 :ic
1095 3001 1137 3029 R..
1184 2997 1213 3017 ²⁰
1231 3000 1379 3041 AEgypti
1393 3003 1434 3030 R.
1484 2997 1512 3018 ²³
1536 3010 1637 3032 suam
1661 3003 1735 3042 pot.
1754 3004 1797 3031 R.

89 3047 117 3070 ²⁷
142 3051 368 3088 Proverbior.
387 3054 415 3084 I.
438 3053 487 3085 18.
557 3052 584 3073 ²³2⁴
611 3054 720 3091 infra]
750 3054 835 3084 ibid.
854 3064 885 3084 v.
907 3054 959 3084 27.
1025 3064 1096 3095 rep.
1119 3055 1171 3086 eis
1188 3058 1230 3086 R.
1292 3053 1318 3074 ³⁸
1344 3057 1430 3087 ostia
1454 3058 1495 3086 R.
1545 3056 1729 3098 'Pyberina
1754 3061 1796 3090 R.

90 3102 156 3125 ⁸⁴³⁵
180 3106 399 3146 Rachanati]
426 3108 500 3141 hod.
520 3109 693 3141 Recanati.
765 3108 792 3128 ³³⁵
811 3109 941 3140 moenia
969 3114 997 3140 1.
