2133 3585
600 859 885 918 VL'RICHI
928 870 1020 917 DE
1058 869 1345 919 HVTTEN

744 960 939 1001 EQVITIS
972 961 1191 993 GERMANI

521 1029 571 1067 IN
621 1029 868 1068 VLRICIIVM
919 1028 1419 1068 WIRTENPERGENSEM

784 1107 963 1140 ORATIO
990 1108 1151 1140 PRIMA.

86 1229 101 1253 ⁵
230 1220 267 1258 Si
297 1222 381 1271 quis
412 1232 600 1272 unquam.
640 1220 766 1258 Caesar
808 1220 1083 1265 Maximiliane‚
1121 1232 1264 1272 vosque
1302 1222 1498 1271 principes
1534 1234 1578 1260 ac
1618 1222 1686 1260 viri
1727 1223 1820 1261 Ger·
1837 1226 1896 1257 §.L

114 1289 236 1331 mani,
267 1289 303 1326 in
334 1300 375 1326 re
408 1287 569 1338 simplici
601 1293 637 1326 et
668 1287 782 1338 plana
814 1300 1047 1338 omnemque
1077 1288 1187 1326 facile
1213 1290 1362 1339 copiam
1389 1288 1704 1328 subministrante
1733 1290 1823 1340 quid

114 1355 258 1393 diceret
295 1355 498 1399 dubitavit,
541 1355 577 1394 id
611 1356 703 1394 mihi
740 1356 927 1405 imprimis
969 1356 1121 1394 accidit:
1160 1368 1237 1393 nou
1286 1357 1374 1406 quia
1405 1368 1482 1394 non
1523 1369 1609 1395 eum
1646 1369 1756 1396 reum
1786 1358 1823 1395 in

113 1422 295 1464 iudicium
323 1423 531 1467 adducam,
561 1424 607 1462 dc
639 1425 748 1462 cuius
780 1424 935 1462 nefariis
966 1422 1205 1461 facinoribus
1236 1420 1377 1461 certius
1407 1425 1454 1462 sit
1485 1436 1599 1474 quam
1624 1430 1665 1462 ut
1693 1425 1823 1463 timide

113 1491 197 1540 quis
228 1496 398 1535 accuset,
431 1496 496 1529 aut
525 1503 586 1529 me
617 1491 754 1542 aliquis
784 1491 909 1542 pudor
939 1495 1179 1535 remoretur;
1208 1503 1362 1529 omnem
1396 1492 1496 1530 enim
1526 1496 1613 1530 aute
1636 1504 1821 1530 verecun-

71 1568 102 1593 ¹0
116 1558 216 1596 diam
244 1557 354 1596 dolor
386 1560 571 1603 excussit,
603 1560 685 1609 ipse
718 1572 780 1597 me
813 1559 1045 1597 conscientia
1076 1558 1244 1597 firmavi:
1277 1558 1344 1597 sed
1376 1559 1463 1609 quia
1484 1559 1697 1597 timendum
1721 1560 1821 1598 vide-
1837 1564 1896 1595 §.2.

112 1625 244 1669 batur,
279 1638 363 1676 quae
392 1638 455 1664 res
486 1628 657 1665 omnium
686 1627 825 1665 iudicio
856 1627 1093 1676 permaxima
1124 1630 1324 1669 censetur,
1362 1626 1505 1677 nequid
1542 1626 1588 1664 de
1629 1628 1821 1665 existima-

111 1695 214 1731 tione
246 1706 312 1732 sua
345 1694 547 1744 perderet,
592 1695 622 1732 si
661 1695 741 1733 eius
772 1694 1026 1744 magnitudini
1065 1699 1197 1732 nostra
1228 1695 1355 1732 minus
1392 1694 1648 1744 responderet
1678 1697 1820 1739 oratio;

113 1761 407 1811 cogitabamque
436 1774 588 1800 mecum
628 1763 709 1812 ipse
748 1763 881 1812 (luanti
917 1762 1043 1812 operis
1073 1763 1119 1800 sit
1156 1773 1287 1800 rerum
1320 1761 1492 1811 pondera
1525 1761 1733 1801 verborum
1766 1764 1822 1800 in-

113 1829 252 1866 anitate
291 1841 464 1880 aequarffi
497 1842 569 1868 nec
598 1829 824 1879 ignorabam
858 1830 940 1868 fieri
972 1841 1105 1879 posse,
1146 1834 1188 1867 ut
1226 1830 1256 1867 si
1286 1833 1422 1867 vestrae
1459 1829 1714 1879 expectationi
1746 1841 1823 1868 non

70 1909 99 1933 15
115 1896 374 1935 satisfacerem
411 1908 482 1946 ego
522 1897 704 1941 diceudo,
744 1898 825 1948 ipsa
864 1896 983 1934 levior
1022 1896 1427 1947 contemptibiliorque
1469 1909 1581 1935 causa
1618 1897 1747 1941 fieret,
1780 1909 1823 1935 ac

111 1969 259 2002 tantum
288 1976 350 2002 res
380 1965 460 2015 ipsa
492 1964 692 2003 vilesceret
722 1969 906 2015 quantum
932 1976 1016 2002 mea
1039 1964 1234 2003 laboraret
1259 1964 1430 2002 facultas.
1478 1964 1710 2003 Praesentius
1734 1964 1820 2007 hoc,

111 2032 141 2069 si
172 2032 209 2069 in
239 2032 458 2082 apparanda
489 2034 661 2071 oratione
694 2045 831 2083 parum
863 2044 991 2082 operae
1023 2032 1333 2082 insumpsissem,
1363 2031 1563 2069 videbatur
1593 2031 1821 2082 periculum,

111 2099 213 2137 uude
241 2100 272 2137 si
300 2112 361 2138 me.
385 2100 574 2138 extricare
601 2100 757 2144 vellem,
792 2099 883 2137 illud
906 2099 1103 2144 obstabat,
1137 2099 1239 2150 quod
1268 2099 1485 2137 existimare
1512 2098 1647 2149 aliquis
1672 2103 1823 2149 poterat

112 2178 189 2204 nou
219 2168 273 2205 sic
305 2167 528 2205 damnatum
560 2169 694 2212 istum,
726 2169 798 2206 nisi
831 2178 902 2216 ego
934 2168 988 2205 sic
1022 2166 1222 2211 dixissem,
1256 2171 1486 2216 auctumque
1516 2167 1549 2204 ei
1579 2167 1821 2204 accusatione

69 2234 328 2284 20periculu1n
359 2239 396 2273 et
430 2236 626 2285 quaesitam
664 2236 790 2274 studio
818 2247 862 2273 ac
895 2239 976 2273 arte
1007 2234 1272 2272 calamitatem.
1327 2233 1474 2278 Quibus
1504 2246 1565 2272 me
1601 2234 1715 2284 igitur
1747 2240 1821 2272 ter·
1836 2237 1893 2269 §.3-

113 2349 130 2378 1
147 2360 191 2374 :-
208 2347 282 2378 Ind.
303 2348 470 2390 bibliogr.
491 2359 525 2379 n.
545 2349 700 2380 XXIIII.
723 2348 751 2379 1.
771 2348 809 2388 ᾖ.
859 2351 878 2378 2
894 2360 939 2374 Ξ
956 2346 1130 2388 (Miinch.)
1149 2346 1227 2378 Ind.
1246 2345 1331 2378 bibl.
1350 2347 1591 2378 11.XX1111.5.
1646 2347 1820 2380 lleut-

111 2404 188 2434 teni
214 2414 339 2435 manus
366 2415 407 2435 ex
433 2405 679 2446 descriptione
706 2403 944 2443 Miinchiana,
973 2404 1016 2434 de
1043 2413 1112 2444 qua.
1138 2402 1271 2433 dictum
1299 2406 1352 2434 est
1377 2403 1452 2434 Ind.
1474 2402 1561 2433 bibl.
1581 2402 1821 2434 n.xxl111.5.

111 2459 216 2491 Hanc
241 2461 432 2492 Miinchius
459 2461 533 2492 fere
559 2460 690 2501 ubique
717 2460 753 2490 in
779 2463 916 2490 textum
943 2459 1099 2501 recepit,
1126 2468 1198 2489 non
1216 2459 1383 2501 cogitans
1402 2459 1601 2491 orationem
1620 2462 1658 2489 ut
1676 2458 1820 2500 publice

162 2516 358 2548 haberetur
389 2517 560 2558 scriptam
587 2517 649 2547 sed
675 2527 745 2548 non
771 2515 933 2546 habitam
959 2518 1039 2557 post
1063 2514 1185 2556 plures
1211 2515 1350 2546 demum
1377 2525 1489 2546 annos
1516 2515 1649 2545 editam
1678 2524 1767 2545 esse.

200 2606 213 2626 ⁴
239 2608 362 2639 Mense
388 2608 479 2639 Iulio
505 2608 642 2649 scripta
668 2608 737 2638 fuit
761 2607 839 2637 haec
867 2607 914 2637 ‘in
941 2607 1138 2637 occisorem
1166 2606 1376 2645 accusatio'⁷
1411 2610 1449 2636 ut
1475 2609 1510 2637 et
1545 2605 1758 2647 ‘deploratio
1785 2605 1821 2635 in

112 2664 269 2695 occisum
296 2665 494 2696 IIuttenum
520 2674 626 2695 versu
651 2663 797 2694 heroico
825 2660 906 2703 [vol.
926 2659 1012 2703 HL]
1035 2665 1070 2693 et
1097 2661 1252 2703 epistola
1271 2662 1315 2692 ad
1333 2662 1580 2694 Ludoviclium
1599 2672 1720 2693 senem
1740 2671 1821 2691 con-

112 2719 296 2751 solatoria'
325 2717 411 2762 [vol.
428 2721 454 2751 I.
474 2731 508 2751 n.
529 2721 676 2751 XXVII.
696 2731 728 2761 p.
747 2718 884 2749 415...56.
905 2718 939 2749 d.
957 2717 1011 2749 29.
1031 2719 1106 2749 Iun.
1128 2728 1160 2748 a.
1182 2716 1305 2759 1515.],
1332 2722 1370 2749 ut
1398 2729 1451 2760 ep.
1473 2718 1517 2749 ad
1536 2717 1751 2749 Michaelem
1777 2716 1820 2747 de

113 2775 310 2816 Scnsheym
335 2776 366 2807 d.
391 2777 418 2807 1.
437 2777 528 2819 Aug.
548 2788 579 2809 a.
603 2776 697 2807 1515.
718 2774 803 2805 data
830 2775 999 2805 ostendit.
1027 2774 1110 2805 vide
1135 2774 1207 2806 vol.
1226 2774 1252 2804 I.
1272 2785 1304 2815 p.
1324 2774 1378 2805 53.
1398 2776 1427 2813 ξ.
1447 2775 1477 2806 ’2.
1519 2775 1594 2804 Iam
1620 2773 1652 2804 d.
1671 2772 1724 2804 26.
1743 2772 1820 2803 Iun.

115 2831 254 2862 a.1517.
281 2832 574 2864 Pirckheimerus
591 2832 753 2863 Hutteno
779 2831 994 2872 scripserat:
1022 2829 1186 2869 „Scribis
1212 2833 1248 2860 te
1273 2840 1344 2861 non
1371 2833 1472 2861 extra
1498 2829 1696 2872 periculum
1723 2839 1819 2859 csse:

115 2890 150 2917 ct
176 2890 273 2918 recte
299 2888 456 2929 quidem:
483 2889 585 2920 novit
611 2889 706 2920 enim
732 2887 793 2918 illc
823 2885 909 2929 [duas
937 2885 1085 2929 emens]
1122 2890 1156 2917 te
1183 2886 1367 2917 orationes
1394 2886 1653 2917 acerbissimas
1679 2886 1715 2915 in
1742 2894 1821 2915 eum

115 2943 405 2984 conscripsisse”,
433 2943 517 2985 (vol.
536 2945 563 2978 Ι,
582 2955 614 2986 p.
638 2942 710 2975 137.
730 2945 759 2982 ξ.
780 2943 826 2983 7.)
853 2943 962 2984 quod,
996 2947 1036 2974 ut
1061 2944 1138 2973 fere
1165 2944 1279 2984 ipsum
1305 2942 1537 2973 homicidium
1563 2944 1674 2981 negat
1699 2939 1820 2971 Ascle-

114 2999 193 3040 pius
219 2999 399 3031 Barbatus
425 3001 461 3031 in
488 3011 531 3031 ea
557 3001 735 3038 oratione,
772 2999 872 3029 cuius
904 3002 1043 3040 partem
1076 2998 1144 3029 huc
1171 2999 1368 3030 facientem
1395 2997 1558 3029 dedimus
1583 2996 1651 3028 vol.
1672 2997 1698 3027 I.
1725 3006 1820 3026 num.

115 3054 312 3084 cxxxiii.
340 3065 372 3096 p.
389 3055 467 3087 299.
486 3067 561 3097 sqq.
670 3055 682 3074 5
708 3054 956 3086 Maximiliauc
982 3056 1100 3086 delevit
1126 3059 1163 3086 II.
1273 3053 1342 3074 ¹¹·¹²
1368 3054 1611 3086 aestimatione
1637 3053 1762 3083 emend.
1782 3054 1818 3081 H.

116 3109 140 3128 ¹⁰
168 3110 200 3140 ci
224 3111 349 3142 emend.
368 3114 404 3142 H.
431 3110 486 3142 illi
506 3114 534 3142 1.

1473 3166 1524 3202 1*
