2133 3585
264 302 512 323 (¹0NSVI.'1¹A'1*10
533 302 742 323 (maximnm-A
764 302 963 323 ritui-oswin
981 302 1025 322 ΑΒ
1044 303 1293 324 1:1.1·:‹·'ron1nvs
1314 303 1356 323 ΕΤ
1375 304 1405 324 c.
1425 302 1458 323 A.
1479 298 1553 324 1517.
1657 283 1743 328 191

66 405 300 452 expeditionis
331 406 511 441 decretum
545 411 682 453 tenipus
714 406 826 441 altero
858 411 987 453 optata!
1018 407 1114 452 pacis
1154 406 1307 440 triennio
1338 405 1556 440 Christianus
1595 406 1750 453 populus

65 474 103 496 ea
134 461 270 496 ratione
302 462 429 496 merito
461 462 531 496 srni
564 462 692 501 valeat,
725 474 784 501 ne,
817 474 894 497 cum
925 466 1008 508 post
1039 461 1165 507 longos
1196 467 1227 495 et
1263 468 1331 496 tam
1360 461 1521 496 difficiles
1552 473 1680 508 pugna¹
1702 462 1750 498 la-

64 517 169 552 bores
200 518 241 552 ad
273 512 408 564 patrios
439 517 530 552 la‘res
561 518 722 557 redierit,
755 519 882 554 iterum
913 518 952 552 ad
985 517 1066 552 belli
1100 517 1295 557 molestias,
1328 518 1451 553 damna
1482 523 1517 552 ct
1546 518 1651 553 animi
1673 530 1751 564 per-

66 572 286 618 turbationes
318 580 514 609 revocetur.
1344 584 1347 587 ·

35 639 50 662 5
179 635 230 667 15.
263 630 346 672 Quze
377 641 459 665 vero
492 630 636 676 singulo
668 631 773 665 huius
804 630 979 677 propositi
1014 629 1156 663 triennii
1187 641 1279 664 anno
1311 629 1443 677 suscipi
1465 634 1570 677 atque
1592 629 1749 677 expediri

62 685 229 725 debeant,
261 685 452 732 diligenter
481 687 734 721 consideranda
766 692 866 725 sunt,
901 685 1097 732 praesertim
1128 698 1207 720 cum
1238 686 1329 732 apud
1360 685 1551 733 plerosque
1583 686 1751 721 Christia-

61 753 186 777 norum
227 741 381 789 populos
421 754 458 778 ea
498 743 544 777 sit
585 754 703 777 rerum
744 743 899 777 onmium
932 742 1067 776 inscitia
1099 747 1133 776 et
1164 742 1381 787 ignorantia,
1421 753 1458 777 ea
1499 742 1749 778 indomitorum

61 798 261 833 animorum
293 798 452 845 pervicax
486 798 678 834 obstinatio
711 805 745 833 et
776 809 912 833 migirum
945 798 1104 844 quiedam
1135 798 1337 836 incomitas,
1379 804 1416 833 ut
1447 810 1524 845 quae
1554 799 1750 849 communis

61 853 185 889 salutis
217 855 304 893 sint,
337 860 397 889 ant
427 866 550 901 parum
582 855 764 890 advertant
793 860 854 889 aut
886 865 1034 900 prorsus
1064 854 1248 900 ignorent,
1280 855 1417 889 evenire
1448 854 1538 889 haud
1560 854 1751 889 difficulter

20 915 203 957 iuposset,
237 915 276 945 ιιι
306 911 339 945 ιιι
372 911 557 957 proposita
588 911 742 956 generali
777 911 842 959 ista
874 910 1078 949 exactione,
1119 922 1214 957 (pue,
1256 911 1327 945 sive
1358 922 1422 957 per
1452 911 1600 946 familias
1631 917 1666 946 et
1697 911 1750 946 so-

59 977 121 1002 cos
151 967 226 1001 sivo
251 966 464 1001 decimarum
497 968 831 1013 viges-imai-nmque‚
867 972 904 1001 ιιι
932 967 1140 1013 praedictum
1172 971 1243 1006 est,
1276 962 1387 1001 aliove
1410 979 1622 1014 quocunque
1645 967 1749 1002 modo

60 1022 254 1069 expetenda
286 1023 414 1062 suerit,
446 1034 516 1058 non
548 1023 662 1058 desint
695 1023 753 1070 qni
785 1035 821 1058 se
853 1025 888 1057 et'
921 1023 1004 1058 totis
1036 1022 1166 1057 viribus
1199 1029 1380 1070 opponant
1410 1028 1445 1058 et
1476 1024 1632 1070 impositi
1666 1035 1748 1058 one-

60 1079 107 1113 ris
137 1079 377 1114 conditionem
409 1091 558 1126 prorsus
589 1080 804 1118 detrectent,
845 1091 994 1125 seseque
1025 1078 1269 1114 inobedientes
1301 1091 1340 1114 ac
1370 1078 1520 1114 rebelles
1551 1080 1748 1114 exhibeant.

59 1134 132 1177 Qua
153 1140 303 1182 propter
324 1136 484 1183 proximo
507 1136 633 1171 abhinc
654 1147 762 1175 anno,
796 1136 854 1182 qui
887 1135 955 1170 erit
976 1134 1287 1182 Quingentesimus
1309 1141 1466 1173 octavus
1483 1136 1637 1171 decimus
1669 1141 1750 1183 post

16 1190 299 1231 15Miltesimun1‚
331 1192 446 1227 curari
470 1193 642 1239 imprimis
663 1192 786 1231 debet,
809 1198 857 1233 ,ιιι
888 1192 1073 1238 proposita
1103 1192 1306 1227 huiusmodi
1328 1192 1463 1228 exactio
1487 1192 1616 1239 ubique
1640 1197 1750 1227 terra-

58 1258 135 1282 rum
157 1247 343 1283 Christiani
367 1249 520 1283 nominis
542 1255 577 1283 et
597 1248 788 1293 diligenter
808 1249 1065 1288 constituatur,
1098 1253 1133 1282 et
1165 1248 1331 1294 quicquid
1354 1250 1386 1283 ιιι
1409 1260 1448 1283 ea
1471 1249 1668 1285 renitentiae
1690 1253 1750 1283 aut

59 1303 234 1339 obstaculi
255 1305 382 1342 suerit,
415 1304 606 1339 salubriter
627 1310 842 1339 amoveatur.
902 1303 997 1344 Bella
1016 1304 1142 1339 deinde
1164 1316 1202 1339 ac
1224 1305 1465 1340 dissensiones
1488 1305 1688 1352 Principum
1711 1317 1749 1340 ac

40 1362 306 1406 'potentatuum
336 1360 616 1395 Christianorum
648 1360 713 1395 sub
743 1360 921 1407 praaedictis
952 1371 1012 1395 sex
1042 1372 1214 1395 annorum
1245 1361 1392 1396 induciis
1424 1361 1593 1397 sedentur
1614 1367 1649 1396 ct
1669 1361 1749 1396 reii-

56 1416 212 1455 ciantur,
245 1416 390 1451 adiectis
413 1417 445 1450 in
470 1428 531 1451 eos
554 1417 613 1463 qui
635 1416 857 1451 reluctentur
879 1416 1233 1463 sanctas-apostolieae
1255 1418 1347 1452 sedis
1370 1418 1528 1453 censuris
1550 1424 1585 1453 et
1606 1418 1753 1468 anathc3

13 1483 44 1508 20
59 1478 150 1507 mate
181 1484 220 1507 ac
250 1472 415 1509 Caesareae
446 1478 481 1507 et
512 1472 703 1519 imperialis
734 1472 987 1519 indignationis
1019 1478 1053 1507 et
1084 1472 1187 1507 banni
1219 1474 1424 1509 arctissimis
1456 1475 1579 1509 edictis
1611 1480 1645 1509 et
1677 1486 1749 1520 poe-

56 1528 130 1568 nis;
171 1528 300 1575 quihus
332 1529 358 1563 si
392 1529 450 1575 qui
484 1529 667 1564 temerarie
700 1540 735 1563 se
768 1534 989 1575 opponentes
1022 1528 1055 1563 in
1087 1528 1280 1564 rebellione
1313 1542 1372 1564 sua
1404 1536 1687 1577 perseverarent,
1727 1530 1749 1565 ii

55 1585 300 1620 communibus
331 1585 438 1619 armis
470 1591 504 1620 et
535 1585 747 1620 exercitibus
779 1585 1059 1620 Christianorum
1091 1584 1223 1631 absque
1254 1585 1369 1632 aliqua
1404 1598 1500 1621 mora
1542 1598 1749 1634 oppugnen-

55 1646 115 1676 tur
144 1646 179 1676 et
210 1641 324 1688 poenis
354 1641 483 1676 debitis
520 1641 731 1688 plectantur.
792 1641 902 1676 Huius
934 1646 1050 1676 antem
1090 1642 1306 1676 executionis
1346 1648 1380 1677 et
1418 1643 1591 1690 propositi
1623 1643 1664 1678 ad
1696 1654 1750 1677 re-

55 1696 165 1732 belles
202 1698 401 1745 puniendos
440 1704 558 1744 eaput
584 1698 628 1733 sit
668 1704 702 1733 et
740 1698 897 1733 director
935 1697 1185 1733 serenissimus
1225 1698 1438 1733 1⁴‘ram·o1·um
1471 1700 1557 1738 Rex,
1598 1700 1656 1746 qui
1689 1710 1749 1734 eos

11 1754 258 1800 25P1'teserti1n
290 1759 325 1789 et
356 1759 561 1801 potentatus
593 1759 627 1789 et
658 1754 830 1801 populos,
864 1754 925 1802 qui
956 1755 996 1789 ad
1028 1753 1114 1789 solis
1147 1759 1265 1790 ortum
1297 1761 1331 1789 et
1363 1756 1642 1802 septentrionem
1676 1767 1768 1798 ver-2

55 1815 165 1856 gunt,
197 1810 317 1856 regnis
349 1810 422 1844 suis
454 1810 639 1849 finitimos,
674 1811 803 1845 invitos
836 1811 958 1850 etiam,
990 1816 1186 1857 proposite
1219 1811 1391 1847 exactioni
1423 1818 1457 1847 et
1488 1812 1748 1847 dissensionum

54 1866 219 1901 remediis
258 1878 381 1913 parere
420 1866 621 1914 compellat.
683 1867 742 1914 qui
781 1879 864 1902 vero
906 1868 947 1902 ad
979 1867 1232 1902 occidentalem
1274 1867 1413 1914 plagam
1445 1880 1461 1903 a
1496 1868 1750 1915 septentrionis

55 1922 181 1958 finibus
214 1928 396 1970 spectant,
429 1935 446 1957 a
478 1923 709 1958 serenissimo
743 1923 938 1969 Anglornm
970 1924 1081 1969 Rege,
1115 1924 1175 1970 qui
1206 1924 1282 1959 eins
1316 1925 1420 1959 etiam
1452 1925 1585 1971 negotii
1619 1925 1750 1971 princi-

54 1978 143 2025 palis
182 1971 365 2014 executor‘
388 1979 421 2013 in
462 1980 593 2014 eisdem
634 1980 841 2025 regionibus
872 1980 1128 2019 constituatur,
1175 1980 1203 2014 si
1244 1980 1435 2015 violatores
1476 1986 1606 2027 optatze
1646 1981 1750 2015 buius

11 2035 187 2081 aoqtiietis
219 2041 253 2070 ct
284 2035 461 2082 propositi
494 2036 644 2076 suerint,
685 2048 804 2071 severe
843 2037 1048 2083 puniantur.
1110 2036 1167 2082 qui
1210 2048 1292 2071 vero
1332 2043 1374 2071 ab
1415 2037 1607 2072 occidentis
1648 2037 1751 2084 plaga

56 2103 166 2138 usque
199 2092 240 2127 ad
270 2091 452 2127 meridiem
485 2092 664 2131 incolunt,
699 2093 725 2127 si
760 2098 928 2140 ruptores
962 2093 1048 2128 tanti
1082 2092 1226 2127 sti-deris
1258 2105 1335 2127 sese
1368 2094 1583 2132 obiecerint,
1623 2105 1639 2127 a
1673 2104 1751 2127 san-

53 2148 212 2183 ctissimo
243 2148 386 2183 domino
418 2154 544 2183 nostro
576 2149 732 2184 Romano
764 2149 934 2184 l'ontiliee
967 2161 1029 2184 sen
1069 2154 1199 2183 sanctie
1240 2150 1332 2184 sedis
1373 2149 1579 2196 apostolicae
1618 2148 1752 2184 vexilli-

55 2205 130 2239 fero
161 2216 226 2251 pro
258 2204 512 2240 demeritorum
545 2217 691 2240 suornm
725 2205 898 2252 qualitate
929 2206 1168 2251 corrigantur.

171 2265 219 2299 16.
259 2261 493 2304 Quamobrem
527 2273 595 2296 non
629 2262 870 2297 inconsultum
903 2262 1057 2301 videtur,
1100 2255 1143 2296 ut¹
1177 2262 1215 2296 ad
1259 2262 1433 2297 sedandos
1471 2274 1532 2297 eos
1567 2261 1750 2301 tumultus,

11 2328 41 2355 33
57 2317 114 2364 qui
147 2318 212 2357 ita,
244 2324 283 2352 ut
314 2318 522 2364 praedictum
553 2324 626 2357 est,
659 2318 789 2353 exoriri
824 2318 924 2353 facilc
957 2324 1122 2365 possent,
1156 2319 1270 2364 primo
1303 2319 1368 2353 hoc
1400 2318 1636 2366 expeditionis
1659 2329 1750 2353 anno

56 2373 122 2420 ipsi
156 2374 372 2409 serenissimi
403 2373 618 2409 Francorum
651 2381 687 2409 et
717 2375 853 2421 Angliae
886 2375 999 2420 Reges
1038 2374 1132 2409 domi
1170 2386 1207 2410 sc
1245 2375 1471 2414 contineant,
1512 2381 1547 2410 et
1577 2375 1750 2410 eiusmodi

56 2429 121 2464 sihi
151 2430 404 2466 commendatis
436 2431 590 2477 negotiis
624 2431 804 2475 invigilent
840 2437 872 2465 et
907 2431 1122 2466 incumbant.
1183 2431 1218 2466 ln
1251 2431 1752 2479 bisantemexpeditionibus

145 2607 153 2627 ¹
181 2608 327 2649 trieiin.]
356 2608 504 2639 termino
533 2611 562 2640 4.
638 2610 650 2628 ²
684 2619 727 2639 ea
753 2613 820 2640 rat.
839 2620 898 2641 om.
920 2613 949 2640 4.
1020 2609 1032 2629 3
1064 2610 1202 2651 patrias
1229 2612 1259 2641 4.
1332 2608 1343 2628 ⁵³
1376 2611 1521 2647 trienn.]
1550 2610 1692 2641 termini
1719 2611 1750 2642 4.

6 2690 7 2693 ,
54 2662 66 2683 ⁰
93 2663 187 2707 cum]
218 2665 307 2706 qnod
335 2668 365 2696 4.
437 2668 447 2681 ’“
474 2666 640 2706 pertinax
668 2668 699 2696 4.
764 2666 1033 2697 inconcinnitas
1061 2669 1142 2697 1..3.
1207 2666 1219 2685 9
1246 2671 1413 2698 avertant
1441 2670 1470 2698 2.
1541 2665 1564 2685 ¹¹
1586 2667 1752 2697 decuma-

6 2739 9 2745 s
55 2728 129 2750 rum
156 2723 188 2751 3.
239 2719 263 2739 ¹⁴2
290 2724 325 2751 et
351 2726 427 2751 mile
454 2724 513 2752 tot.
534 2734 593 2754 (illl.
615 2724 644 2752 4.
695 2720 720 2739 ¹³³
747 2722 951 2753 detractent
978 2725 1008 2752 4.
1059 2733 1209 2763 seseque
1236 2723 1261 2753 ἃ*
1290 2723 1384 2754 inob.
1407 2726 1482 2754 23.
1533 2723 1665 2760 exhib.]
1693 2723 1751 2754 de-

54 2780 261 2808 monstrent.
282 2780 311 2807 4.
363 2776 388 2796 ¹⁸
418 2778 465 2807 is.
487 2781 618 2819 Qnapr.
641 2782 670 2810 2.
721 2778 1038 2819 quinquagesimus
1059 2782 1090 2809 .'›’.
1112 2779 1147 2819 (t)
1199 2778 1224 2797 ¹⁶
1252 2778 1409 2820 exactio]
1429 2780 1524 2810 aetio
1544 2781 1575 2809 4.
1625 2778 1650 2797 ¹⁶
1670 2779 1750 2810 Chr.

56 2832 150 2863 orbis
177 2837 212 2863 et
237 2844 328 2864 nom.
349 2835 380 2864 4.
447 2833 472 2852 ¹7
497 2835 704 2865 resistentie
733 2836 762 2864 4.
830 2833 853 2851 ¹*
880 2845 921 2865 ae
949 2839 1020 2875 pot,
1042 2834 1122 2864 Chr.
1143 2844 1204 2865 ⁰111.
1226 2838 1254 2866 4.
1313 2834 1338 2855 ¹5
1363 2836 1508 2866 iudiciis
1535 2835 1701 2867 sedenter
1720 2837 1749 2867 1.

10 2882 11 2886 ¹
57 2888 226 2918 sedantur
253 2900 294 2920 ac
322 2890 532 2920 reiieientur
558 2892 589 2921 4.
648 2889 672 2909 ¹⁰
699 2890 772 2920 sed.
795 2899 849 2930 ap.
872 2892 901 2920 4.
957 2890 982 2909 ²¹
1010 2901 1046 2921 sc
1073 2894 1196 2922 temer.
1220 2893 1313 2922 2...4.
1370 2901 1605 2933 perseverare
1632 2891 1751 2923 volne-

10 2941 11 2950 ’
57 2944 139 2982 rint,
166 2944 220 2974 his
247 2947 277 2974 4.
340 2944 367 2964 ²¹
394 2944 579 2987 puniend]
607 2946 785 2985 eogendos
814 2948 843 2976 4.
902 2944 981 2987 ιιιικ]
1009 2947 1135 2978 ductor
1161 2949 1191 2978 4.
1255 2946 1283 2966 '²⁵
1309 2948 1543 2989 Septentione
1571 2950 1600 2978 1.
1663 2946 1690 2966 ²¹³
1717 2951 1752 2978 et

57 3000 141 3038 diss.
161 3010 245 3030 rem.
266 3012 325 3032 om.
346 3004 376 3032 4.
425 3002 453 3020 ²*
478 3006 622 3044 spectat
649 3005 679 3033 4.
731 3003 840 3031 etiam
868 3002 970 3033 huius
996 3005 1027 3033 4.
1079 3013 1205 3043 negoc.
1226 3008 1256 3034 2.
1274 3004 1349 3044 fere
1375 3005 1501 3045 ultique.
1551 3002 1578 3023 ³⁰
1603 3004 1752 3045 punien-

12 3061 15 3088 ἰ
57 3058 112 3086 tur
131 3057 160 3086 4.
208 3054 233 3074 ³¹
260 3056 419 3088 obiicent
444 3060 474 3089 2.
503 3059 677 3090 obiicient
695 3061 726 3090 4.
775 3058 841 3077 ³¹³³
869 3069 889 3088 a
915 3059 1143 3089 serenissimo
1163 3060 1303 3091 domino
1322 3071 1407 3091 rom.
1427 3062 1456 3090 4.
1506 3057 1533 3078 ³⁴
1560 3058 1628 3101 16.]
1651 3058 1700 3091 19.
1719 3062 1752 3091 2.

14 3141 15 3145 ,
57 3111 322 3149 Quamobbrem
348 3115 378 3143 4.
430 3114 569 3144 videtur
593 3125 652 3146 om.
673 3117 704 3145 4.
760 3114 952 3145 sedandum
983 3118 1013 3145 3.
1069 3115 1131 3146 lios
1158 3118 1188 3147 4.
1245 3115 1272 3135 ³⁵
1296 3120 1335 3147 ut
1360 3128 1411 3158 pr.
1432 3128 1461 3147 e.
1481 3126 1541 3147 om.
1562 3118 1592 3147 4.
1648 3114 1675 3135 ³⁷
1701 3117 1753 3147 in-

14 3167 15 3170 ’
56 3165 205 3208 vigilent
225 3170 258 3198 et
285 3178 343 3198 om.
365 3169 394 3199 4.
