2133 3585
214 424 237 457 §.
249 426 288 454 39.

214 933 290 964 Mo.

306 231 402 277 236
453 250 746 273 COMMENTARIVM
764 251 809 272 DE
829 251 979 273 TVRCICI
1000 251 1148 273 IMPERII
1168 250 1466 273 CONSTITVTIONE
1485 249 1532 272 AD
1552 250 1834 274 MAXIMILIANVM
1851 251 1878 273 1.

307 358 391 405 quld
421 358 575 405 denique
607 362 676 393 tam
709 362 894 392 strenuum
925 357 1146 405 principibus
1179 356 1330 404 Europae
1362 355 1436 392 sere
1465 356 1744 392 dormitantibus
1772 362 1898 404 gentes
1921 357 2015 393 timi-

304 414 367 450 das
397 419 434 450 et
463 414 587 450 infidas
618 419 747 461 sponte
778 424 857 449 sese
887 413 1056 449 dedentes
1087 414 1121 449 in
1153 412 1372 449 deditionem
1403 424 1503 449 suam
1533 413 1740 460 redegisse?
1776 413 1801 448 E
1832 414 2014 450 contrario

304 471 397 507 vires
429 482 510 507 suas
540 470 704 506 Maiestas
735 475 852 505 vestra
884 475 919 506 et
950 475 1162 506 caeterorum
1195 469 1397 517 principum
1419 469 1704 505 Christianorum
1736 470 1922 510 examinet,
1954 482 2016 518 ge-

302 527 537 563 nerositatem
568 533 603 563 et
632 526 829 574 potentiam
860 526 1084 562 consideret:
1117 526 1310 573 numquid,
1344 537 1422 573 quae
1452 537 1566 574 prope
1596 526 1804 562 innumeros
1826 537 1939 562 annos
1961 539 2015 562 se-

303 584 501 621 renissimae
530 583 723 620 Maiestatis
755 588 880 619 vestrae
909 583 1110 631 Hungaria,
1143 583 1245 630 regio
1276 581 1574 630 populosissima,
1610 588 1725 618 tamen
1756 582 1872 618 adhuc
1902 583 2044 623 rndis,-·'›

303 646 430 677 contra
460 641 657 680 Romanos,
690 639 787 675 orbis
818 639 1000 680 dominos,
1033 639 1228 675 fortissime
1259 639 1431 687 pugnavit
1462 639 1700 687 ingentesque
1730 638 1848 675 clades
1871 638 1941 675 illis
1964 639 2016 675 in-

305 697 404 737 tulit,
438 703 473 733 et
502 697 628 733 deinde
659 707 725 744 pro
757 695 957 732 Christiana
987 695 1054 732 fide
1087 696 1194 732 toties
1226 695 1420 731 Saracenos
1450 695 1661 735 debellavit,
1701 707 1795 732 nunc
1836 696 2017 732 florentis-

304 754 391 789 sima
422 753 631 800 artibusque
662 752 876 788 militaribus
908 753 1067 801 apprime
1101 753 1293 792 instructa,
1326 752 1383 787 cui
1416 752 1678 799 quodammodo
1711 752 1809 788 nulla
1830 763 1917 798 gens
1939 751 2017 788 nul-

302 810 408 858 laque
438 810 598 858 potentia
630 809 800 845 resistere
830 815 969 857 potest,
1007 816 1047 845 ut
1078 820 1118 844 ex
1150 808 1422 856 gloriosissimis
1460 809 1619 845 victoriis
1660 814 1827 845 constare
1865 808 2015 849 videtur,

303 872 429 903 contra
458 866 629 902 vilissima
660 865 833 913 mancipia
863 877 929 914 pro
961 865 1161 901 Christiana
1192 864 1257 901 fide
1296 865 1430 900 bellare
1469 876 1542 900 non
1582 865 1726 901 audebit
1763 871 1799 901 et
1828 877 1942 912 usque
1973 866 2013 901 ad
2033 873 2061 897 10

308 923 587 959 internecionem
618 922 791 971 prosequi
822 933 894 958 non
924 922 1103 970 patietur?
1141 922 1256 957 Furor
1295 927 1349 957 est
1386 921 1550 969 profecto
1582 922 1755 957 deterreri
1795 933 1814 957 a
1854 922 2018 970 potentia

306 980 520 1020 Turcaruni,
554 980 686 1027 quippe
716 984 849 1027 praeter
880 978 1141 1026 quinquaginta
1180 977 1234 1013 vel
1272 978 1456 1025 sexaginta
1487 977 1597 1014 millia
1638 979 1799 1026 equitum
1830 983 1866 1014 et
1895 978 2016 1015 decem

304 1035 414 1072 millia
444 1036 622 1084 peditum,
655 1047 733 1083 quae
764 1047 872 1083 supra
903 1035 1091 1071 retulimus
1122 1046 1200 1070 esse
1231 1034 1267 1070 in
1298 1035 1456 1071 exercitu
1489 1036 1703 1075 Turcarum,
1736 1035 1914 1082 reliquum
1941 1034 2017 1071 vul-

304 1104 372 1140 gus
404 1093 499 1128 iners
530 1098 566 1129 et
595 1093 729 1128 inerme
761 1097 834 1131 est,
875 1103 916 1127 ac
945 1091 1041 1127 velut
1072 1102 1159 1140 grex
1188 1091 1363 1139 pecudum
1396 1091 1436 1127 ad
1468 1091 1610 1127 libitum
1648 1091 1807 1128 victoriis
1838 1091 1914 1127 sine
1944 1090 2017 1127 ulla

304 1161 426 1198 pugna
455 1149 535 1185 duci
566 1154 708 1197 potest3
747 1148 841 1196 quod
880 1159 982 1184 secus
1024 1148 1059 1183 in
1096 1147 1290 1196 provinciis
1321 1148 1608 1184 Christianorum
1638 1148 1836 1196 contingit:
1868 1159 1949 1184 nam
1980 1154 2063 1184 et¹5
2111 1143 2113 1189 j

304 1206 432 1253 vulgus
463 1206 569 1241 armis
601 1205 826 1253 aptissimum
856 1210 912 1240 est
942 1210 977 1240 et
1008 1205 1049 1240 ad
1080 1204 1310 1252 pugnandum
1336 1205 1617 1241 ferocissimum.
1649 1205 1808 1252 Exurgat
1838 1216 1925 1252 ergo
1946 1204 2016 1240 Ma-

304 1262 412 1297 iestas
444 1268 562 1298 vestra
592 1274 661 1297 una
692 1273 771 1297 cum
801 1261 1027 1309 Principibus
1058 1261 1229 1309 Europae,
1271 1261 1331 1309 qui
1369 1273 1558 1298 commune
1590 1261 1722 1298 bonum
1758 1267 1794 1297 et
1823 1261 2018 1297 utilitatem

303 1319 524 1359 desiderant,
564 1324 600 1354 et
638 1318 864 1366 praecedente
895 1318 1027 1354 Christi
1066 1329 1172 1354 cruce
1211 1329 1307 1354 arma
1348 1324 1475 1354 centra
1517 1318 1657 1354 hostem
1696 1318 1929 1355 sawissimum
1961 1330 2019 1353 su-

304 1375 407 1411 mite:
439 1375 561 1416 fidem,
594 1375 767 1423 patriam,
800 1375 918 1423 leges,
959 1373 1108 1422 templa,
1146 1386 1294 1415 uxoreS,
1334 1374 1468 1411 liberos
1509 1380 1749 1423 parentesque
1787 1374 2018 1411 charissimos

303 1431 501 1473 defendite,
534 1432 805 1480 iustissimoque
836 1431 929 1468 hello
961 1431 1129 1468 auxilium
1160 1431 1317 1467 divinum
1348 1432 1448 1467 vobis
1479 1443 1550 1468 non
1581 1432 1788 1468 defuturum
1820 1431 1961 1468 scitote.
2030 1443 2063 1469 20
