2133 3585
346 272 434 316 '50
463 291 593 313 LEONIS
614 289 987 312 x.cchAR1)1NAL113.
1007 289 1243 315 ORATORIB.Q.
1265 288 1544 310 CONSVLTT.PRO
1563 289 1691 312 EXPED.
1709 289 1852 311 CONTRA
1870 282 2054 312 TVRC.etc.

338 398 474 436 Asiam,
507 397 697 436 Graeciam,
731 395 932 434 Thraciam,
965 394 1119 431 Africam
1151 394 1309 442 aliasque
1341 394 1542 442 provincias
1575 395 1609 429 in
1640 394 1795 442 praedam
1826 395 1921 431 hosti
1944 395 2057 431 eidem

339 454 578 493 concesserit,
614 458 688 488 tota
720 457 835 487 mente
868 451 909 486 ah
943 451 1108 487 omnibus
1140 451 1243 487 nohis
1275 450 1537 498 deprecandus,
1571 451 1812 487 obsecrandus
1844 451 2058 488 humillime-

342 523 410 558 que
443 510 598 546 orandus
630 515 701 549 est,
742 520 784 544 ne
826 519 891 542 nos
924 507 959 542 in
990 507 1141 543 similem
1172 509 1231 544 det
1261 507 1510 543 calamitatem.
1570 507 1661 543 Modi
1693 512 1811 543 autem
1844 507 1973 555 quibus
2004 520 2042 544 re

248 574 350 610 (inm.)
376 566 590 609 concilietur
610 567 716 605 deus,
748 570 833 600 sunt
855 575 979 611 preces
999 565 1137 601 diurnae
1168 561 1457 616 nolcturnaeque,
1489 563 1638 603 ieiunia,
1672 563 1895 612 elemosynae,
1926 564 2059 600 sacriti-

337 625 410 664 cia,
450 629 487 659 ct
518 623 551 658 in
584 623 708 670 primis
740 633 802 657 cor
832 621 1027 656 contritum
1058 621 1342 669 pienitentiaque
1376 620 1626 659 humiliatum:
1666 620 1734 656 hoc
1772 620 1867 656 enim
1906 621 2083 657 maximas

336 672 412 716 viilt
443 680 548 719 deus,
590 679 673 726 qui,
717 683 806 713 teste,
846 677 1043 725 propheta,
1084 690 1154 721 non
1186 683 1266 725 eget
1305 676 1382 712 aliis
1424 674 1642 717 honoribus,
1681 688 1745 713 nec
1775 677 1879 713 donis
1911 678 2057 714 nostris.

337 736 566 774 Resormandi
599 735 710 782 igitur
742 745 878 773 mores,
918 734 1023 770 animi
1066 734 1108 770 ad
1139 735 1245 770 deum
1276 733 1528 773 convertendi,
1570 733 1895 781 praedicatoresque
1927 735 2060 782 passim

338 795 373 829 in
407 804 529 828 omnes
561 791 737 839 populos,
771 791 830 838 qui
863 802 925 826 eos
957 791 999 826 ad
1030 791 1275 839 poenitentiam
1309 791 1520 830 hortentur,
1561 796 1645 826 sunt
1685 790 1869 830 mittendi,
1901 791 2060 838 praelati·

338 862 405 898 quc
437 848 688 887 ecclesiastici,
723 853 761 882 ut
791 846 953 895 exemplo
986 847 1171 895 religionis
1203 854 1238 883 et
1270 847 1372 883 honis
1404 846 1574 894 operibus
1606 859 1645 883 ac
1676 847 1792 883 verbis
1823 847 1966 883 eosdem
1997 859 2061 895 po-

338 906 445 955 pulos
477 905 660 944 inducant,
688 904 966 940 ‘commovemli:
1007 904 1059 940 sic
1089 905 1182 940 enim
1215 904 1374 952 placatus
1405 904 1491 939 (leus
1522 915 1602 939 cum
1634 904 1763 947 suerit,
1802 903 1905 940 nobis
1937 904 2106 952 propi-10

340 963 416 999 cius
447 962 489 997 de
521 962 624 996 hoste
656 972 722 997 suo
754 972 794 996 ac
824 966 950 996 nostro
983 961 1153 997 concedet
1184 961 1381 997 victoriam.

979 1028 1026 1073 De,
1057 1029 1218 1076 pecuniis
1250 1029 1419 1065 seeundo.

426 1086 527 1130 Quod
559 1085 601 1121 ad
633 1085 801 1133 pecunias
834 1096 939 1125 vero,
976 1085 1059 1132 'quai
1092 1086 1189 1121 nervi
1222 1091 1305 1121 sunt
1346 1085 1451 1127 belli,
1494 1085 1674 1133 (plomodo
1705 1085 1894 1133 cogendae,
1935 1090 1971 1121 et
1999 1096 2063 1133 per

343 1156 434 1193 quos
474 1142 720 1179 custodiendze
760 1154 801 1177 ac
838 1142 1104 1189 dispensandae,
1153 1142 1300 1185 attinet,
1349 1143 1558 1189 pensitanda
1599 1143 1633 1178 in
1671 1143 1797 1190 primis
1833 1141 1940 1178 huius
1978 1141 2063 1178 belli

343 1200 568 1248 magnitudo,
602 1204 637 1234 et
667 1199 759 1234 vires
792 1198 909 1233 hostis
940 1199 1176 1238 aestimandae,
1211 1211 1288 1246 (pue
1319 1204 1402 1234 sunt
1432 1200 1597 1246 profecto
1630 1199 1808 1239 maximam
1849 1204 1884 1234 et
1914 1203 2064 1247 propter

342 1257 568 1294 latitudinem
603 1256 763 1303 imperii,
798 1255 1004 1290 accessione
1038 1267 1181 1303 quoque
1213 1256 1365 1303 Aegypti
1398 1267 1437 1291 ac
1469 1256 1581 1304 Syriic
1614 1267 1729 1303 nuper
1759 1255 1872 1295 aucti,
1913 1261 1949 1291 et
1979 1267 2062 1303 pro·
2079 1264 2109 1289 15

342 1321 421 1363 pter
453 1312 719 1349 multitudinem
751 1311 923 1351 milituln,
957 1317 993 1347 et
1023 1317 1173 1360 propter
1204 1313 1344 1360 copiam
1376 1312 1686 1348 innumerabilium
1720 1312 1773 1360 (ut
1795 1311 1923 1358 fertur)
1956 1323 2062 1360 pecu-

342 1372 502 1410 niarum.
543 1375 579 1405 et
610 1368 691 1416 quia
723 1368 876 1404 assiduis
908 1369 1210 1416 prosperitatilms
1250 1368 1413 1404 sublatus
1452 1370 1570 1405 animo
1610 1382 1650 1405 ac
1689 1370 1820 1417 spiritu
1866 1367 1955 1404 nihil
1996 1369 2063 1404 iam

342 1428 408 1463 nisi
443 1427 630 1462 maximum
662 1431 697 1460 et
728 1430 852 1473 sperat
883 1431 918 1460 et
949 1426 1097 1473 cogitat.
1159 1426 1202 1461 Ut
1233 1437 1320 1473 ergo
1352 1438 1416 1473 par
1447 1432 1571 1461 contra
1605 1425 1704 1462 illum
1736 1425 1789 1462 vel
1821 1425 1926 1461 etiam
1958 1436 2063 1473 supe-

340 1485 416 1519 rior
448 1484 649 1519 instruatur
680 1482 877 1522 exercitus,
911 1482 1047 1529 ingenti
1081 1495 1171 1530 opus
1203 1488 1258 1518 est
1289 1483 1457 1530 pecunia,
1492 1494 1595 1530 quam
1629 1494 1694 1518 nos
1718 1483 1759 1518 ad
1782 1494 1954 1518 summam
1976 1482 2066 1518 hanc

340 1541 616 1582 sestimaviinus,
650 1539 911 1587 propemodum
944 1545 998 1574 sat
1030 1539 1124 1579 sore,
1158 1539 1186 1574 si
1219 1532 1403 1586 octuagies
1434 1546 1581 1575 centena
1613 1539 1710 1575 milia
1741 1550 1933 1575 aureorum
1966 1539 2059 1574 inve·
2075 1547 2107 1571 20

342 1599 472 1637 niatur.
534 1596 615 1632 llzee
648 1602 765 1631 autem
803 1595 954 1643 pecunia
993 1607 1063 1631 non
1104 1595 1298 1632 difficulter
1337 1597 1450 1643 redigi
1490 1597 1646 1644 poterit:
1686 1597 1858 1633 Primum.
1882 1601 1922 1631 ut
1961 1607 2066 1643 reges

341 1654 409 1703 ipsi
442 1666 481 1690 ac
510 1653 689 1701 principes
712 1652 904 1688 Christiani
937 1664 977 1688 ex
1009 1652 1083 1688 suis
1117 1652 1350 1700 vectigalibus
1382 1652 1510 1688 bonam
1542 1658 1679 1700 partem
1712 1653 1753 1689 ad
1784 1653 1853 1688 hoc
1883 1653 2066 1689 sanctissi-

342 1723 434 1746 mum
469 1722 559 1758 opus
590 1710 793 1748 conserant,
826 1721 906 1745 cum
938 1709 1097 1756 ipsorum
1130 1710 1163 1745 in
1195 1709 1320 1757 primis
1352 1721 1408 1745 res
1440 1715 1585 1757 agatur,
1618 1721 1708 1750 cum,
1741 1709 1770 1745 si
1802 1709 1919 1745 hostis
1950 1710 2063 1745 victo-

341 1769 426 1802 riam
461 1767 571 1814 (qnod
602 1766 708 1813 absit)
741 1765 924 1805 habuerit,
957 1765 1038 1813 plus
1069 1767 1235 1802 amissuri
1258 1767 1329 1802 sint
1353 1778 1457 1813 quam
1489 1766 1629 1814 privati.
1691 1766 1750 1814 qui
1783 1766 1925 1813 quidem
1947 1767 2063 1802 hostis
2120 1808 2122 1810 Υ

341 1836 380 1859 ca
403 1825 519 1860 sertur
541 1835 619 1859 esse
642 1829 785 1862 natura,
819 1828 859 1858 ut
890 1821 1030 1870 plehem
1064 1824 1206 1870 quidem
1239 1822 1416 1870 negligat,
1449 1822 1630 1858 nobilibus
1662 1834 1744 1859 vcro
1776 1828 1812 1858 et
1842 1823 2065 1871 principibus
2078 1830 2111 1855 25

342 1880 423 1917 odio
459 1881 668 1916 adversetur
699 1878 855 1919 exiciali,
897 1891 1093 1927 eorumque
1132 1880 1247 1927 capita
1280 1880 1314 1915 in
1354 1880 1478 1927 primis
1510 1885 1654 1927 poscat:
1694 1880 1812 1927 itaque
1852 1892 2066 1928 quocunque

345 1938 459 1973 victor
490 1949 526 1973 se
549 1936 713 1977 contulit,
745 1936 948 1984 principum
981 1937 1112 1984 stirpes
1143 1937 1287 1984 penitus
1319 1936 1466 1977 excidit,
1500 1936 1639 1972 nobiles
1670 1937 1712 1972 ad
1743 1936 1893 1972 nihilum
1917 1937 2066 1985 redegit,

344 1995 501 2030 inaudita
542 1993 753 2030 crudelitate
793 1993 921 2028 horum
961 1994 1171 2040 sangninem
1204 1993 1343 2030 sitiens.
1404 2005 1474 2041 quo
1516 1994 1629 2041 magis
1661 1993 1853 2029 Christiani
1886 1985 2066 2041 principes

340 2052 383 2087 dc
415 2051 490 2087 suis
521 2050 756 2098 vectigalibus
788 2050 879 2085 bona
912 2057 1011 2097 parte
1045 2050 1162 2086 oblata
1195 2051 1274 2087 vitze
1296 2056 1331 2086 et
1362 2049 1492 2085 honori
1523 2055 1558 2084 et
1589 2050 1741 2085 statibus
1773 2050 1848 2086 suis
1879 2049 2067 2086 consulere

343 2108 485 2147 dehent,
521 2119 625 2155 qnam
658 2113 796 2155 partem
829 2118 899 2142 non
931 2107 1094 2142 duximus
1126 2119 1205 2143 esse
1238 2107 1441 2147 taxandam,
1474 2106 1536 2142 sed
1568 2118 1692 2142 corum
1723 2107 1924 2155 prudentia}
1955 2119 1994 2144 ac
2025 2106 2066 2143 li·
2081 2113 2124 2139 30Ἰ

435 2217 443 2237 ¹
471 2219 637 2250 Traeiam
656 2220 776 2250 A.2.5.
803 2218 968 2249 Tratiam
995 2220 1026 2249 3.
1080 2215 1093 2235 ²
1118 2217 1221 2249 nohis
1247 2228 1307 2249 0771.
1329 2219 1405 2248 3.-1.
1460 2216 1687 2259 humilimeq3
1706 2222 1742 2249 A.
1769 2217 1863 2250 hum.
1884 2228 1933 2250 or.
1953 2228 2014 2250 om.
2033 2221 2065 2250 5.

344 2274 356 2293 ³
377 2274 446 2308 eal.
466 2274 536 2305 det.
550 2277 578 2305 1.
628 2274 640 2294 ⁴
667 2275 800 2306 diuinae
820 2277 889 2307 ΑΛ.
941 2273 1187 2305 eleen1.1.2.4.
1208 2273 1416 2305 elemosinae
1429 2276 1460 2305 3.
1518 2271 1579 2293 ⁴···⁷
1598 2274 1781 2307 sacrificia
1853 2274 1970 2317 Igitur
1987 2285 2066 2316 pre-

346 2331 526 2362 dicatores
545 2332 680 2372 passim
698 2335 730 2363 5.
779 2331 791 2350 5
809 2342 904 2373 poen.
924 2330 1032 2373 hunr]
1053 2331 1270 2373 poenitentia
1295 2330 1324 2362 ἃ,
1347 2329 1574 2362 humiliatum
1594 2333 1625 2362 2.
1652 2331 1871 2373 poenitentia
1898 2333 1934 2362 et
1951 2330 2064 2362 humi-

346 2388 487 2419 litatem
507 2389 539 2419 3.
569 2391 604 2418 ct
628 2387 831 2419 humilitate
859 2389 890 2420 4.
939 2388 951 2405 s.
977 2386 1080 2429 deus]
1106 2387 1270 2419 dominus
1298 2389 1389 2420 2...4.
1447 2387 1493 2419 cf.
1512 2388 1647 2419 Psalm.
1666 2388 1743 2419 XV.
1762 2388 1795 2419 2.
1843 2387 1958 2419 bonis.
1978 2398 2012 2418 11.
2031 2389 2064 2419 2.

347 2455 414 2475 nee
435 2445 544 2475 etiam
571 2443 653 2475 don.
673 2446 705 2475 4.
753 2444 764 2462 ⁰
790 2449 829 2475 ut
916 2454 1089 2475 commov.
1108 2455 1169 2476 om.
1188 2447 1220 2476 5.
1286 2442 1313 2463 ¹⁰
1339 2444 1586 2476 commonendi
1613 2446 1711 2476 2...4.
1767 2443 1790 2465 ¹¹
1820 2442 1879 2486 ac]
1910 2446 1945 2476 et
1969 2446 2066 2476 2...4.
2118 2437 2119 2461 Ῑ

347 2504 467 2532 nostro
494 2499 597 2532 nobis
624 2511 653 2531 0.
674 2503 705 2530 5.
768 2499 792 2519 ¹²
818 2500 849 2530 2.
870 2501 923 2531 Dc
943 2501 1162 2541 pecuniis.z'n
1180 2511 1284 2542 marg.
1297 2503 1325 2532 1.
1376 2500 1533 2532 secundo
1559 2512 1618 2532 (ml.
1640 2503 1716 2532 2.3.
1783 2501 1852 2532 Pro
1877 2511 1971 2543 seqq.
1990 2511 2063 2543 usq.
2117 2497 2119 2504 ⁴

348 2559 394 2588 ml
418 2557 524 2588 Laici
550 2567 634 2588 vcro
661 2558 693 2588 z'n
712 2559 731 2588 4
757 2561 823 2587 est:
852 2557 920 2588 l'ro
940 2557 1194 2599 comparandis
1213 2557 1434 2589 militaribus
1453 2558 1646 2599 stipendii-s
1664 2558 1902 2599 propositum,
1929 2560 1969 2589 ut
1987 2567 2066 2589 eum
2116 2565 2118 2596 ξ

348 2614 467 2645 Turca
493 2614 660 2644 maximis
686 2613 811 2655 opibus
831 2613 984 2655 polleat,
1013 2624 1054 2645 cx
1074 2614 1213 2645 recenti
1232 2614 1345 2655 Syriae
1365 2618 1401 2646 et
1421 2615 1569 2656 AEgypti
1594 2615 1884 2657 expugnatione,
1912 2614 2065 2656 Regum·
2115 2601 2117 2634 ⁴¹

350 2681 417 2712 quc
444 2671 599 2701 maxime
619 2671 832 2711 sanguinein
852 2670 972 2710 sitiat,
1000 2671 1232 2702 constitutum
1258 2674 1297 2702 ut
1323 2671 1522 2702 Christiani
1548 2671 1689 2713 ingenti
1713 2669 1803 2713 [sie]
1828 2669 2064 2712 vectigalium
2114 2667 2116 2697 ἶ

349 2737 491 2759 suorum
511 2730 651 2769 partem
676 2726 771 2759 bello
798 2737 901 2758 sacro
929 2726 1111 2767 addicant,
1140 2726 1337 2769 clericique
1357 2728 1524 2759 decumas
1543 2728 1720 2769 pendant,
1747 2727 1804 2760 vel
1824 2726 1917 2769 quod
1935 2737 1978 2759 ex
1994 2738 2065 2758 mo·

350 2785 476 2816 dorato
509 2794 575 2816 usu
607 2794 668 2825 pro
702 2783 874 2824 cuiusque
900 2773 1086 2826 ¹dignitate
1120 2784 1356 2826 superfuerit:
1391 2787 1561 2816 caeterum
1591 2785 1718 2816 Laicis
1751 2784 1830 2816 haec
1863 2784 2063 2826 imperata:
2112 2775 2115 2812 i

352 2840 377 2861 ¹⁴³
404 2842 481 2880 Quo
509 2841 553 2872 ad
580 2843 655 2872 2.3.
711 2850 778 2881 quo
806 2851 872 2881 quo
900 2840 1002 2872 modo
1030 2852 1059 2872 0.
1080 2843 1111 2873 2.
1125 2844 1157 2872 3.
1224 2840 1719 2882 cogendas...custodiendas
1739 2852 1782 2873 ac
1800 2840 2066 2882 dispensandas
2112 2874 2113 2887 χ

353 2902 381 2929 2.
396 2889 470 2929 .'›'.5⁴.
551 2896 574 2917 ¹¹
595 2897 780 2939 pensanda
802 2900 832 2928 ἱ).
912 2896 938 2916 ¹5
953 2897 1156 2929 estimando
1175 2901 1205 2931 5.
1280 2896 1348 2917 ¹5⁴5
1376 2901 1410 2930 et
1427 2908 1480 2940 pr.
1554 2898 1654 2928 aucti
1672 2908 1732 2929 om.
1752 2900 1781 2929 1.
1861 2895 1888 2917 ¹⁶
1913 2896 2014 2928 Siriae
2032 2900 2063 2929 5.
2110 2922 2112 2944 5

353 2954 378 2973 ¹⁷
398 2965 487 2996 cop„
507 2958 546 2986 ut
565 2954 688 2994 fertur,
710 2953 781 2984 iun.
801 2957 830 2985 5.
883 2953 908 2973 ¹⁸
928 2957 963 2985 et
982 2955 1066 2996 quia
1141 2955 1290 2997 cogitat.
1310 2965 1370 2986 om.
1390 2958 1422 2988 5.
1478 2952 1504 2973 ¹⁹
1523 2954 1633 2985 ctiam
1651 2965 1711 2986 om.
1732 2957 1763 2986 2.
1811 2952 1840 2973 ²⁰
1858 2954 2067 2985 instituatur
2109 2953 2111 2988 l

354 3014 510 3043 A.1.3.5.
586 3010 610 3030 ²¹
641 3010 925 3041 existimavimus
952 3013 1045 3044 2...5.
1121 3009 1393 3054 propemodum]
1422 3010 1689 3053 proponendam
1707 3013 1740 3042 2.
1753 3013 1785 3043 3.
1855 3010 1971 3042 millia
1988 3013 2020 3042 2.
2033 3013 2063 3042 5.
2108 2993 2111 3043 ¹,

354 3079 501 3100 aureum
528 3072 635 3099 2:55.
662 3067 895 3099 inveniantur
915 3070 942 3098 1.
957 3070 987 3098 2.
1001 3070 1074 3099 .',’.5.
1145 3067 1173 3087 ²³
1201 3079 1244 3099 ac
1270 3079 1320 3109 pr.
1342 3067 1425 3099 Chr.
1450 3078 1510 3099 om.
1530 3070 1561 3098 5.
1632 3065 1700 3087 ²³³4
1719 3067 1764 3099 ad
1836 3077 1925 3108 opus
1949 3077 2011 3098 om.
2030 3069 2061 3097 5.
2107 3099 2109 3114 A

353 3124 380 3144 ²¹
408 3128 500 3163 011111]
528 3125 705 3166 siquidem
725 3126 753 3155 1.
783 3134 861 3155 cum
887 3123 1001 3155 hostis
1029 3124 1141 3156 fertur
1167 3136 1210 3155 ca
1238 3125 1351 3156 fertur
1376 3125 1511 3166 reliquis
1536 3135 1597 3155 om.
1617 3128 1648 3156 5.
1697 3123 1725 3144 ²5
1750 3127 1833 3156 sunt
1852 3125 1881 3155 1.
1936 3122 1966 3143 ²⁷
1991 3124 2063 3155 exi—

350 3181 482 3213 ι1111115.
538 3180 565 3201 ²*
590 3181 763 3213 nichilum
782 3183 814 3212 4.
834 3185 866 3212 ut
891 3180 977 3223 ubiq.
1000 3180 1043 3212 011
1092 3180 1224 3221 redigit
1243 3183 1316 3213 3.5.
1366 3179 1391 3200 ³¹
1419 3179 1613 3212 taxandum
1631 3184 1662 3213 5.
