2133 3585
272 235 343 256 wne:
362 235 424 256 Dm
443 235 563 256 BAEPST
581 234 783 257 ALLWI-:GEN
803 236 926 257 WIDER
945 236 1007 256 DIE
1027 235 1244 257 TEUTSCHEN
1263 235 1406 257 KAYsl-:R
1426 236 1588 258 GEWEST.
1685 218 1780 262 373

78 339 241 377 tinanhrt
267 336 508 389 3cstrcuglzlisb
541 338 648 376 mitet
678 339 824 391 gcmcst)
849 340 921 389 butt
944 338 1072 391 benffeu
1093 337 1233 390 missen.
1283 337 1373 376 ῒῐιιιῐ
1395 338 1439 389 ist
1461 350 1497 376 tt
1517 351 1581 377 unu
1613 342 1685 386 lrnb
1717 344 1780 379 nuh

75 405 197 454 genuit
225 407 413 458 bet-maffeii
434 404 605 456 gessbitht,
633 409 668 449 ω
690 405 752 458 [ἰὼ
776 405 882 454 hiuid)
904 404 957 443 hie
978 407 1062 443 mclt
1084 404 1180 443 ciues
1202 404 1345 456 sulishen
1366 402 1524 456 effiirstcn
1546 407 1676 459 frenum
1707 408 1784 459 fult,

75 475 210 525 gtmcst.
242 467 303 524 311
326 475 434 523 huben
457 475 535 512 ubet
554 474 608 511 tic
630 472 725 524 btipst
746 473 808 513 mit
830 473 942 512 tinem
963 473 1036 523 vast
1053 471 1269 524 [astet-limen
1286 474 1385 525 [ptem

74 545 206 589 terret,
233 545 295 579 ἶνας
326 542 379 591 [ηε
401 540 480 590 und)
500 540 643 587 burnusb
665 541 703 580 iu
725 542 758 580 it
778 541 935 594 ssfnsssffl)
956 538 1061 588 rtrbt,
1097 540 1222 578 hutiuu
1245 553 1282 578 ts
1303 540 1381 590 und)

1431 472 1556 503 decret
1576 473 1688 503 wider

1431 517 1566 558 kayser
1578 518 1782 549 Fridcrich.

166 664 175 686 ¹
201 664 393 706 3est2msslid)
456 663 492 684 ¹·²
517 667 570 705 hut
596 663 714 705 miiffm
734 663 853 706 beiffcn.
877 664 881 705 Ι
902 663 991 705 {vilet
1012 663 1042 697 k.
1061 662 1217 704 effrinerici)
1235 663 1276 704 ist
1293 661 1335 696 υἷι
1352 663 1395 696 lib
1414 661 1460 698 υιῐ
1475 660 1583 704 gemin
1609 662 1686 704 (om.
1706 665 1783 695 reli-

76 725 157 765 quis,
179 722 333 763 adposito
351 723 451 752 Iemm.
471 719 656 761 §tiberim
673 719 866 763 [ultumum.
889 718 895 763 Ι
943 720 1068 761 gsdyidzt
1116 720 1234 763 fulmen
1281 718 1355 745 ³⁵q‘1·
1374 720 1520 761 gemescn,
1539 719 1610 752 uber
1625 719 1674 752 bic
1691 715 1782 760 bsipst

74 778 174 819 buben
190 776 232 819 jn
247 776 324 819 jrcn
342 775 473 817 {ssetbtm
493 776 627 817 trcnulufs
645 782 706 810 mm
724 777 901 818 meincobifl
920 777 1086 818 flcsnbnltcn
1107 775 1252 817 (omissis
1267 776 1420 819 reliquis)

75 902 268 945 Gregorius
294 902 356 933 IX.
375 902 398 942 †
416 901 470 934 21.
489 901 579 944 Aug.
600 901 708 940 1241„
735 912 838 943 quem
864 904 1009 934 secutus
1036 904 1091 933 est
1117 901 1332 933 Ceelestinus
1349 902 1431 933 IIII.
1460 901 1521 942 qui
1544 902 1667 932 tamen
1692 909 1783 931 non-

74 959 156 991 dum
182 961 335 1000 accepta
361 959 458 990 tiara
482 960 641 990 mortuus
667 961 722 990 est
745 962 827 1001 post
850 968 987 1000 paucas
1011 958 1272 998 hebdomades,
1298 961 1427 1000 postea
1451 958 1556 990 sedes
1581 956 1783 999 apostolica

73 1016 234 1055 vacavit,
262 1015 377 1047 donec
402 1025 446 1046 m.
472 1015 577 1046 Iunio
604 1026 635 1046 a.
659 1014 755 1058 1243,
781 1014 988 1047 Sinibaldus
1013 1015 1157 1046 Fliscus
1191 1018 1377 1047 crearetur
1407 1015 1467 1057 qui
1499 1015 1536 1046 in
1567 1013 1781 1056 pontificatu

71 1072 278 1105 Innocentii
303 1072 384 1103 1111.
411 1082 541 1103 nomen
567 1073 691 1113 gessit.
783 1070 797 1090 ²
820 1069 974 1116 flcscbitlzt]
1001 1071 1202 1113 „Princeps
1228 1075 1394 1103 strenuus
1427 1074 1524 1111 erat,
1555 1069 1781 1112 magnificus,

72 1128 255 1169 liberalis,
281 1127 474 1159 multarum
498 1127 703 1169 linguarum
728 1128 866 1169 peritus
893 1138 935 1159 ac
961 1127 1065 1159 simul
1091 1128 1268 1159 eruditus:
1295 1128 1484 1167 Latinam,
1513 1127 1689 1166 Graecam,
1718 1125 1781 1157 Sa-

73 1186 294 1224 raeenicam,
322 1184 502 1216 Gallicam
529 1187 564 1215 et
591 1184 845 1215 Germanicam
869 1183 1030 1226 linguam
1055 1185 1189 1225 optime
1216 1184 1372 1216 callens:
1399 1184 1569 1226 quicquid
1596 1183 1691 1215 enim
1717 1182 1783 1214 otii

73 1245 202 1274 nactus
228 1241 366 1280 fuerat,
392 1241 429 1271 id
453 1240 605 1272 lectioni
629 1240 800 1271 librorum
826 1239 1084 1272 suffurabatur.
1125 1241 1255 1273 Libros
1280 1241 1411 1273 multos
1430 1252 1473 1271 ex
1491 1240 1618 1271 Graeeo
1644 1242 1680 1271 et
1698 1238 1782 1270 Ara-

73 1300 156 1331 bico
180 1298 334 1329 Latinos
359 1296 437 1328 fieri
464 1297 622 1336 curavit,
658 1297 753 1327 inter
785 1306 872 1337 quos
907 1299 943 1327 et
967 1296 1176 1328 Aristotelis
1208 1297 1392 1329 volumina
1425 1297 1572 1328 fuerunt
1604 1299 1639 1327 et
1670 1295 1784 1327 multa

74 1355 307 1387 medicorum.
358 1354 440 1395 Ipse
474 1353 635 1384 diversos
666 1352 778 1384 libros
813 1353 1032 1393 composuit,
1066 1356 1191 1394 utpote
1224 1354 1266 1385 de
1299 1357 1431 1385 natura
1465 1356 1499 1384 et
1531 1363 1618 1395 cura
1650 1353 1781 1383 avium.

73 1411 227 1453 Neapoli
253 1409 481 1441 academiam
506 1409 663 1439 instituit
688 1408 808 1440 multis
826 1408 1029 1450 privilegiis
1048 1409 1208 1440 dotatam
1228 1412 1277 1441 ..⁷'
1303 1410 1415 1441 Strui».
1435 1409 1540 1451 Corp.
1558 1409 1643 1441 hist.
1663 1409 1784 1440 Germ.

75 1468 117 1500 de
136 1467 234 1499 Frid.
254 1467 301 1498 ΙΙ.
321 1467 350 1505 ἓ.
370 1477 411 1497 11.
494 1462 532 1484 34
558 1465 654 1506 [prem
676 1463 788 1506 uertet]
816 1465 893 1496 Non
918 1466 1063 1507 proprie
1090 1466 1143 1496 sic
1169 1465 1306 1497 dictam
1331 1466 1494 1507 paleam,
1530 1464 1699 1496 Gratiani
1725 1465 1783 1496 de-

75 1527 174 1556 creto
201 1524 366 1555 adsutum
391 1523 526 1562 locum,
560 1521 655 1562 vult,
683 1521 747 1553 sed
772 1521 977 1552 Innocentii
1002 1522 1088 1552 IIII.
1110 1532 1191 1563 cap.
1209 1522 1239 1553 2.
1259 1523 1296 1552 in
1323 1521 1431 1552 Sexto
1456 1522 1512 1553 De
1538 1521 1723 1553 sententia
1749 1524 1785 1552 et

74 1591 112 1613 re
138 1580 302 1612 iudicata
327 1579 374 1610 II.
398 1578 446 1610 14.
468 1589 499 1610 a.
522 1578 616 1610 1245.
638 1579 817 1618 emissum,
847 1588 914 1619 quo
939 1580 1021 1619 post
1046 1580 1281 1609 memoratam
1306 1578 1536 1619 imperatoris
1563 1589 1584 1609 a
1610 1577 1785 1619 Gregorio

75 1639 137 1670 IX.
166 1637 301 1668 factam
330 1635 741 1667 anathematizationem
767 1634 1076 1677 praedicatumque
1103 1634 1146 1665 (10
1173 1644 1211 1666 se
1236 1634 1340 1676 pacis
1368 1645 1524 1666 amorem
1551 1645 1593 1665 ac
1619 1644 1785 1665 mansue-

75 1695 235 1726 tudinem
260 1692 523 1733 lenitatemque
550 1692 626 1723 fere
653 1690 904 1722 incredibilem
928 1691 1164 1723 Innocentius
1190 1693 1255 1731 „ut
1280 1691 1326 1722 ad
1350 1693 1533 1732 praesens''
1561 1691 1614 1722 ait
1639 1690 1709 1730 „de
1729 1701 1786 1721 ce-

75 1750 163 1783 teris
190 1751 266 1781 eius
294 1747 486 1791 [Friderici
511 1746 574 1789 IL]
601 1747 800 1779 sceleribus
826 1750 1025 1787 taceamus,
1054 1750 1206 1789 quatuor
1231 1748 1458 1789 gravissima,
1486 1758 1565 1790 quaa
1590 1746 1691 1778 nulla
1708 1756 1787 1788 pos-

76 1810 158 1839 sunt
181 1805 486 1848 tergiversatione
513 1804 638 1842 celari‚
667 1804 863 1835 commisit:
890 1804 1069 1835 deieravit
1094 1804 1189 1835 enim
1215 1803 1436 1843 multotiens,
1462 1814 1590 1846 pacem
1609 1803 1788 1845 quondam

75 1864 170 1895 inter
196 1861 390 1894 ecclesiam
419 1864 454 1892 et
471 1861 660 1902 imperium
677 1860 912 1891 reformatam
930 1862 1066 1891 temere
1084 1860 1272 1899 violando;
1298 1861 1523 1902 perpetravit
1540 1859 1786 1901 sacrilegium,

78 1920 160 1962 capi
186 1919 329 1950 faciens
355 1916 570 1948 Cardinales
597 1919 736 1948 sanctae
762 1917 932 1948 Romanae
960 1915 1129 1947 ecclesiae
1156 1928 1210 1955 ...ς
1237 1916 1279 1948 (10
1304 1917 1436 1948 lueresi
1463 1927 1602 1958 quoque
1629 1927 1700 1947 non
1726 1916 1787 1946 (111-

75 1977 147 2008 biis
173 1979 209 2007 et
232 1974 390 2012 levibus,
418 1974 481 2005 sed
506 1973 718 2005 difficilibus
744 1976 780 2005 et
805 1972 1036 2005 evidentibus
1054 1973 1278 2014 argumentis
1295 1976 1485 2014 suspectus
1502 1973 1672 2012 habetur;
1698 1983 1789 2014 praew

77 2036 133 2064 ter
156 2032 235 2063 haec
261 2040 408 2072 regnum
427 2029 578 2070 Siciliae,
605 2030 696 2071 quod
722 2032 777 2061 est
801 2029 964 2072 speciale
991 2029 1244 2071 patrimonium
1268 2029 1370 2060 beati
1386 2030 1498 2069 Petri,
1528 2032 1563 2060 et
1580 2029 1673 2060 idem
1692 2029 1788 2070 prin-

79 2100 164 2131 ceps
192 2088 236 2120 ab
264 2086 469 2129 apostolica
495 2086 580 2118 sede
607 2086 758 2117 tenebat
784 2087 820 2117 in
847 2086 1009 2125 feudum,
1044 2086 1115 2117 iam
1149 2086 1194 2117 ad
1219 2088 1360 2116 tantam
1385 2085 1423 2116 in
1449 2085 1595 2117 clericis
1622 2088 1658 2116 et
1682 2085 1790 2116 laicis

81 2145 366 2177 exinanitionem
392 2143 675 2184 servitutemque
702 2143 862 2185 redegit,
897 2142 988 2184 quod
1014 2143 1067 2173 eis
1092 2152 1195 2183 paene
1222 2142 1367 2183 penitus
1391 2141 1484 2172 nihil
1509 2141 1730 2173 habentibus
1756 2144 1792 2172 ct

80 2201 243 2234 omnibus
271 2200 397 2232 exinde
423 2199 501 2234 fere
527 2200 650 2241 probis
678 2199 822 2238 eiectis,
860 2198 940 2231 illos
974 2200 1033 2240 qui
1065 2200 1315 2230 remanserunt
1340 2198 1493 2237 ibidem,
1527 2197 1653 2230 servili
1688 2199 1792 2239 quasi

81 2258 289 2290 conditione
322 2257 445 2289 vivere
480 2266 522 2287 ac
548 2256 747 2287 Romanam
781 2254 996 2294 ecclesiam,
1031 2256 1131 2286 cuius
1163 2257 1247 2286 sunt
1277 2254 1443 2286 homines
1474 2254 1731 2297 principaliter
1756 2257 1793 2285 et

79 2314 228 2354 vasalli,
263 2313 446 2345 offendere
479 2312 732 2354 multipliciter
763 2315 798 2343 et
828 2311 1012 2343 hostiliter
1038 2312 1251 2353 impugnare
1278 2310 1476 2352 compellit.
1525 2311 1655 2342 Posset
1680 2311 1792 2341 etiam

54 2365 57 2369 ¹
81 2372 210 2403 merito
236 2369 470 2412 reprehendi,
505 2369 595 2410 quod
621 2368 719 2399 mille
746 2368 889 2409 quidem
916 2368 1091 2399 sartorum
1119 2378 1277 2400 annuam
1302 2367 1531 2409 pensionem,
1564 2368 1601 2398 in
1634 2377 1704 2408 qua
1729 2378 1792 2408 pro

84 2428 207 2460 eodem
233 2437 344 2468 regno
368 2427 439 2467 ipsi
466 2425 633 2457 ecclesiae
659 2425 760 2455 Rom.
786 2427 948 2464 tenetur,
977 2435 1041 2466 per
1065 2425 1115 2456 IX
1142 2434 1255 2456 annos
1287 2423 1442 2466 amplius
1468 2423 1609 2456 solvere
1642 2426 1791 2465 praeter-

83 2485 192 2516 misit.
239 2484 312 2515 Nos
338 2484 461 2524 itaque
561 2483 793 2513 memoratum
818 2481 1037 2522 principem,
1073 2481 1133 2523 qui
1164 2491 1201 2513 se
1234 2481 1385 2523 imperio
1419 2483 1455 2512 et
1480 2480 1602 2521 regnis
1626 2480 1793 2521 omnique

80 2541 215 2573 11011010
243 2542 279 2571 ct
303 2539 484 2581 dignitate
509 2538 666 2570 reddidit
690 2540 765 2568 tam
791 2537 993 2579 indignum,
1022 2539 1153 2579 quique
1172 2540 1320 2579 propter
1337 2547 1421 2569 suas
1439 2537 1655 2579 iniquitates
1674 2548 1694 2568 a
1712 2537 1792 2576 deo,

82 2608 127 2629 ne
154 2599 280 2639 regnet
304 2596 363 2628 vel
388 2596 552 2637 imperet,
581 2597 636 2625 est
662 2593 842 2633 abiectus,
876 2594 950 2626 suis
982 2595 1149 2636 peccatis
1175 2594 1328 2636 ligatum
1355 2596 1391 2626 et
1417 2594 1599 2625 abiectum
1626 2594 1794 2635 omnique

82 2653 218 2686 honore
245 2663 286 2684 ac
313 2652 492 2694 dignitate
518 2652 699 2693 privatum
726 2660 746 2681 a
772 2649 916 2681 domino
948 2650 1171 2682 ostendimus
1205 2651 1467 2682 denunciamus
1500 2654 1536 2681 ot
1561 2649 1794 2681 nihilominus

83 2709 339 2742 sententiando
364 2709 556 2750 privamus,
584 2717 707 2738 omnes
733 2706 792 2748 qui
817 2707 851 2737 ci
876 2706 1077 2737 iuramento
1103 2706 1293 2738 fidelitatis
1317 2709 1488 2739 tenentur
1513 2706 1677 2737 adstricti
1704 2717 1725 2737 a
1744 2707 1794 2737 iu-

85 2769 248 2798 ramento
268 2765 471 2797 huiusmodi
488 2767 664 2807 perpetuo
683 2763 926 2802 absolventes,
957 2763 1175 2794 auctoritate
1195 2763 1399 2805 apostolica
1416 2763 1567 2794 firmiter
1584 2762 1793 2802 inhibendo,

85 2833 130 2854 ne
156 2823 345 2864 quisquam
370 2821 413 2853 dc
439 2824 561 2853 cetero
586 2820 657 2853 sibi
683 2823 855 2861 tanquam
880 2819 1092 2860 imperatori
1116 2818 1174 2852 vel
1199 2821 1278 2862 regi
1302 2822 1432 2862 pareat
1456 2822 1492 2851 et
1518 2818 1699 2858 intendat,
1733 2819 1792 2850 dc-

89 2878 269 2910 cernendo
296 2877 478 2919 quoslibet
504 2878 564 2919 qui
591 2878 624 2909 ei
650 2876 822 2918 deinceps
847 2875 946 2907 velut
971 2876 1183 2917 imperatori
1207 2876 1266 2908 vel
1291 2877 1369 2919 regi
1394 2875 1587 2908 consilium
1611 2875 1669 2906 vel
1696 2876 1795 2907 auxi-

85 2934 172 2966 lium
196 2934 437 2976 praestiterint
460 2944 525 2965 seu
550 2934 723 2971 favorem,
750 2933 830 2974 ipso
856 2933 956 2963 facto
976 2932 1362 2964 excommunicationis
1380 2931 1572 2977 sententiae
1591 2932 1796 2963 subiacere.

88 2990 141 3022 illi
167 2993 288 3022 autem
315 2990 359 3021 ad
386 3000 474 3031 quos
500 2990 535 3021 in
562 2990 685 3021 eodem
712 2989 865 3030 imperio
894 2989 1122 3029 imperatoris
1155 2991 1300 3030 spectat
1332 2988 1483 3027 electio,
1517 2987 1657 3030 eligant
1682 2988 1797 3019 libere

87 3056 334 3078 successorem
361 3045 425 3080 ...''
453 3046 508 3077 Cf.
536 3047 647 3077 etiam
664 3045 809 3077 Nicolai
826 3045 892 3076 ΙΙΙ.
913 3055 944 3076 a.
967 3044 1061 3075 1278.
1089 3045 1211 3077 Romae
1238 3045 1405 3076 emissum
1432 3055 1463 3076 c.
1485 3043 1536 3075 17.
1555 3045 1592 3075 in
1609 3043 1717 3076 Sexto
1742 3046 1797 3075 Dc

93 3102 273 3134 electione
302 3106 338 3134 et
364 3102 474 3134 electi
498 3104 680 3144 potestate
706 3102 733 3133 I.
753 3100 784 3132 6.
804 3101 896 3132 med.
