2133 3585
81 231 215 253 ORATIO
235 232 455 253 CONSTANTII
475 232 611 254 Evssvm
632 234 836 255 MOVEN'I'INI
857 235 901 255 DE
922 234 1081 256 VIRTVTE
1102 234 1264 257 CLAVIVM
1282 236 1326 257 ET
1346 236 1465 258 BVLLA
1483 238 1615 260 LEONIS
1629 239 1661 261 X.
1691 219 1786 265 353

80 341 265 384 ‘concepta
295 342 370 377 est,
413 337 472 384 qui
503 337 600 373 velut
631 339 736 386 periti
767 338 922 375 artifices
953 339 988 374 in
1019 349 1128 374 unum
1160 341 1413 376 convenientes
1444 341 1576 378 clavem
1606 355 1672 378 suo
1704 356 1789 380 eon-

80 392 173 428 ‘silio
205 392 468 429 conflaverunt:
509 394 638 429 clavem
679 396 855 441 quandam
887 395 1003 442 ipsum
1036 395 1235 442 symbolum
1267 396 1433 439 dixerim,
1474 409 1537 444 per
1568 399 1662 445 quod
1693 411 1790 436 rese-

80 453 218 484 ·rantur
246 448 379 484 diaboli
411 450 587 490 tenebrae,
619 456 659 486 ut
690 451 749 486 lux
780 451 910 486 Christi
942 450 1122 493 adveniat,
1165 452 1378 499 aperiuntur
1408 453 1638 490 eonscientize
1669 454 1790 492 clausa

80 509 256 551 ‘peecata,
289 511 328 540 ut
360 505 506 542 iustitiae
537 506 698 554 fulgeant
730 518 838 554 opera
860 506 1060 543 manifesta.
1111 507 1194 544 llaec
1215 509 1328 555 igitur
1349 508 1456 544 clavis
1480 509 1646 545 omnibus
1669 516 1790 546 osten—

52 560 205 596 5‘denda
235 566 308 601 est,
341 567 381 596 nt
412 562 543 608 singuli
577 568 742 610 tanquam
773 562 939 610 discipuli
960 562 1056 598 Petri
1088 563 1225 599 inferna
1257 564 1323 599 sibi
1353 576 1533 605 reserare,
1566 566 1678 601 eoelos
1708 578 1789 613 ape-

80 616 162 651 ‘rire
194 618 457 653 consuescant.'
517 619 688 655 Omnibus
719 620 795 655 haze
826 619 933 655 clavis
964 619 1044 654 data
1075 625 1148 659 est,
1189 631 1261 654 non
1292 620 1372 661 uni;
1412 621 1483 656 imo
1515 621 1544 656 si
1576 622 1685 658 mavis
1716 623 1788 661 uni.
1810 627 1868 658 §.5.

80 682 203 707 onmes
234 673 328 708 enim
360 673 438 709 fidei
471 674 608 710 unitate
640 687 732 711 unus
764 687 887 711 sumus
908 675 1055 716 Petrus;
1088 687 1127 710 ex
1161 687 1228 723 qua
1260 676 1340 711 fidei
1372 676 1468 712 clave
1499 682 1534 711 et
1564 677 1687 724 plures
1710 690 1793 714 con-

80 726 229 763 llantur:
262 735 316 765 tot
345 729 462 765 claves
494 730 615 778 itaque
646 737 730 767 sunt
762 737 851 779 quot
872 736 1008 779 portae:
1041 732 1178 767 iustitia
1201 732 1348 768 iustitiae
1370 737 1476 780 porta
1499 733 1677 780 aperitur,
1709 746 1794 769 con-

80 784 227 819 tinentia
259 785 440 832 pudicitia}
472 793 576 834 porta
608 784 809 828 reseratur,
841 793 876 823 et
907 787 958 823 sic
981 788 1015 822 in
1038 787 1191 835 singulis
1215 787 1417 836 quibusque
1439 788 1646 825 virtutihus.
1680 791 1794 825 omnis

40 848 68 874 ιυ
84 840 176 874 enim
208 841 345 888 speeies
377 842 561 883 virtutum,
593 856 672 880 eum
696 845 774 892 quis
795 856 872 879 eam
894 843 1043 891 cwperit
1065 844 1219 891 operari,
1252 845 1352 891 quasi
1375 845 1450 892 ipsa
1472 857 1509 880 se
1531 845 1692 893 adaperit
1713 851 1795 881 ante

80 907 159 932 eum
182 897 242 943 qui
273 899 466 934 accesserit
496 900 538 935 ad
568 912 643 935 eam
676 912 716 936 ex
747 900 872 939 eorde.
904 900 1049 935 domino
1068 899 1232 936 videlieet
1254 911 1329 935 eam
1352 901 1534 947 aperiente
1555 912 1621 948 per
1642 902 1794 948 gratiam

80 963 179 987 suam
210 953 243 988 ei
275 954 334 1001 qui
365 966 384 989 a
415 955 532 1002 portis
564 956 761 992 inferorum
793 968 864 992 non
896 956 1005 991 suerit
1035 956 1161 991 victus.
1222 956 1450 1003 Quapropter
1488 957 1634 993 sinistre
1666 958 1794 994 Roma·
1814 965 1873 997 §a

80 1019 147 1043 nus
169 1010 332 1056 pontifex
353 1011 557 1047 adulatione
581 1012 714 1053 victus,
748 1012 899 1048 obrutus
932 1013 1135 1059 ignorantia
1166 1017 1202 1048 et
1231 1012 1428 1060 cupiditate
1460 1019 1657 1049 exeaeeatus
1681 1014 1795 1049 inanis

81 1063 206 1110 gloriae
237 1077 274 1101 se
304 1066 419 1103 claves
451 1073 619 1115 tanquam
651 1068 783 1104 Christi
815 1074 851 1104 et
880 1068 977 1104 Petri
1007 1068 1180 1108 vicarius,
1214 1068 1274 1116 qui
1308 1073 1423 1104 tamen
1454 1069 1624 1105 vicarium
1658 1070 1692 1104 in
1726 1075 1797 1105 ter-

38 1130 67 1156 15
83 1120 133 1154 ris
165 1120 272 1157 hahet
302 1122 458 1163 nullum,
491 1123 670 1171 gloriatur
701 1125 899 1172 accepisse,
931 1136 1004 1159 non
1037 1124 1240 1171 intelligens
1263 1124 1395 1160 Christi
1425 1125 1558 1161 dictum
1592 1125 1681 1161 ‘Tibi
1704 1126 1795 1161 daho

81 1175 207 1212 ‘claves
239 1179 340 1226 regni
372 1179 558 1215 cselorum.
619 1181 858 1228 quodeunque
889 1180 1055 1227 ligaveris
1087 1192 1197 1228 super
1228 1186 1379 1221 terram,
1411 1181 1481 1216 erit
1511 1181 1661 1228 ligatum
1694 1187 1728 1217 et
1760 1183 1795 1217 iu

80 1232 211 1274 ‘coelis,
251 1240 285 1270 et
318 1236 554 1283 quodeunque
594 1236 744 1272 solveris
777 1248 886 1284 snper
918 1242 1067 1277 terram,
1113 1237 1181 1272 erit
1211 1237 1371 1272 solutum
1403 1237 1437 1273 in
1477 1234 1607 1278 ccehs’:
1649 1237 1794 1285 ‘aliquid

78 1288 156 1323 ‘sihi
189 1301 229 1325 ex
260 1291 510 1338 phariseorum
543 1293 692 1328 assumit
723 1292 936 1340 supercilio,
978 1299 1019 1328 ut
1058 1293 1112 1329 vel
1153 1293 1296 1329 damnet
1327 1293 1537 1329 innocentes
1568 1292 1622 1328 vel
1653 1306 1691 1329 se
1723 1293 1796 1329 sol-

79 1350 170 1380 ‘vere
202 1347 330 1382 noxios
361 1348 576 1388 arbitretur,
617 1361 695 1384 cum
728 1349 820 1395 apud
852 1349 978 1389 deum',
1018 1354 1109 1384 teste
1140 1348 1375 1397 Hieronymo,
1416 1355 1500 1384 ‘non
1531 1351 1710 1386 sententia
1741 1362 1796 1385 sa-

34 1402 296 1443 wem-(lotum,
336 1404 397 1439 sed
429 1416 574 1440 reorum
607 1404 676 1440 vita
708 1401 915 1452 quae1·atur.’
975 1404 1173 1441 Ridiculum
1206 1416 1327 1440 revera
1359 1411 1412 1440 est
1443 1411 1484 1440 ut
1512 1405 1670 1442 dicamus
1713 1414 1874 1446 eu1n§.7.

79 1456 138 1503 qui
170 1459 322 1495 vinculis
364 1466 592 1507 peccatorum
632 1472 780 1496 suorum
818 1460 951 1507 ligatus
992 1466 1047 1496 est
1077 1467 1113 1496 et
1144 1461 1254 1496 trahit
1284 1468 1427 1509 peccata
1458 1473 1523 1496 sua
1553 1462 1645 1497 sient
1676 1462 1795 1497 funem

76 1511 225 1561 longum
257 1521 292 1551 et
325 1521 491 1563 tanquam
522 1517 605 1563 iuge
636 1517 753 1552 lorum
784 1516 886 1552 vituli
916 1517 1125 1564 iniquitates
1155 1528 1257 1557 suas,
1288 1522 1438 1565 propter
1468 1517 1535 1553 hoc
1567 1517 1684 1553 solum
1707 1529 1796 1565 quo-

77 1568 169 1606 niam
191 1571 390 1620 Episcopus
421 1573 570 1612 dicitur,
602 1573 734 1609 habere
764 1573 970 1608 huiusmodi
1002 1578 1239 1620 potestatem,
1272 1578 1312 1609 ut
1343 1573 1453 1608 soluti
1486 1573 1528 1609 ab
1560 1585 1602 1609 eo
1635 1574 1706 1609 sint
1737 1586 1795 1610 so-

78 1624 143 1662 luti
177 1627 211 1662 in
243 1627 352 1667 melo,
387 1634 447 1664 aut
478 1628 578 1675 ligati
611 1629 646 1664 in
677 1630 785 1665 terris
819 1630 890 1665 sint
920 1628 1021 1677 ligati
1053 1630 1088 1664 in
1120 1629 1228 1677 coelo.
1277 1628 1362 1672 Quae
1395 1630 1508 1676 igilur
1528 1629 1705 1666 dementia
1727 1630 1795 1666 Ro-

10 1690 221 1719 ,25manum
261 1684 356 1731 cepit
395 1684 606 1732 praesulem,
647 1691 688 1721 ut
727 1686 787 1733 qui
826 1685 914 1720 nihil
944 1686 1040 1721 Petri
1072 1685 1217 1725 haheat,
1257 1685 1349 1721 hane
1379 1686 1447 1720 sihi
1479 1685 1658 1721 adscribat
1688 1692 1791 1734 pote-

0 2117 12 2153 l!

2 2394 16 2430 l}

0 2593 2 2636 Ι
16 2584 18 2597 l

77 1745 224 1780 statem,
258 1741 328 1775 imo
359 1741 499 1777 vinetus
530 1742 625 1776 vitiis
657 1747 693 1777 et
723 1742 860 1789 angelis
892 1747 928 1777 et
958 1741 1180 1777 dieinonibus
1213 1742 1389 1789 imperare
1411 1742 1560 1777 audeat?
1591 1742 1680 1777 Audi
1703 1742 1792 1778 Pau-
1813 1752 1875 1784 §.8.

77 1792 169 1831 lum:
202 1797 260 1832 ‘sit
292 1797 484 1844 episeopus
508 1798 567 1845 qui
589 1797 741 1833 alterum
762 1797 851 1845 ligat
873 1803 908 1833 et
930 1797 1054 1838 solvit,
1087 1797 1434 1845 irreprehensibilis,
1466 1797 1628 1838 sobrius,
1661 1804 1793 1839 castus

77 1854 258 1892 ‘ornatus‚
298 1852 506 1900 hospitalis,
546 1853 732 1894 docibiliS,
771 1865 843 1889 non
874 1853 1096 1893 vinolentus,
1137 1865 1209 1889 non
1250 1865 1465 1901 percussor,
1504 1853 1565 1889 sed
1597 1854 1795 1894 modestus,

77 1910 160 1943 ‘non
191 1908 385 1955 litigiosus,
416 1921 489 1944 non
521 1911 735 1957 concupitor
763 1910 1006 1957 pecuniarum,
1038 1909 1128 1945 bene
1160 1910 1358 1957 praesidens
1379 1909 1499 1945 domui
1523 1910 1628 1945 suas:
1661 1911 1689 1944 si
1714 1910 1793 1946 talis

35 1964 206 2004 ³⁰sue1=it‚
238 1976 311 2000 non
344 1965 475 2001 iniuste
506 1965 631 2012 ligabit
663 1978 772 2013 super
805 1972 953 2005 terram,
986 1977 1101 2013 neque
1132 1966 1208 2001 sine
1240 1965 1370 2002 iudicio
1394 1965 1528 2005 solvet;
1561 1966 1675 2012 siquis
1697 1977 1792 2005 vero,

79 2026 118 2055 ut
149 2021 196 2056 ita
227 2021 358 2061 dicam,
391 2022 499 2057 suerit
520 2022 650 2057 Petrus
681 2028 717 2057 et
747 2033 819 2058 non
850 2022 1015 2057 habuerit
1047 2034 1126 2069 quae
1159 2022 1194 2056 in
1225 2021 1294 2057 hoc
1324 2022 1404 2057 loeo
1436 2022 1605 2057 dicuntur
1627 2022 1728 2068 quasi
1751 2022 1793 2057 ad

77 2076 238 2116 Petrum,
271 2083 307 2112 et
337 2078 514 2124 putaverit
545 2090 582 2114 se
614 2090 720 2125 posse
752 2079 862 2125 ligare
894 2084 933 2113 ut
965 2078 1038 2113 sint
1068 2078 1177 2124 ligata
1209 2078 1243 2113 in
1273 2077 1382 2118 coelo,
1416 2083 1451 2113 et
1482 2077 1619 2113 solvere
1651 2083 1690 2113 ut
1722 2078 1794 2113 sint

79 2133 195 2168 soluta
228 2133 262 2167 in
294 2134 404 2173 coelo,
439 2134 515 2181 ipse
546 2146 584 2170 se
617 2134 708 2170 fallit
739 2146 810 2170 non
842 2134 1048 2180 intelligens
1078 2133 1301 2169 voluntatem
1332 2133 1542 2181 scripturae,
1582 2139 1617 2168 et
1648 2134 1791 2169 inflatus

80 2188 202 2224 incidit
240 2189 274 2224 in
316 2189 483 2225 iudicium
522 2190 667 2226 diaboli.
728 2191 803 2226 Non
843 2190 1069 2226 adscribatur
1107 2189 1169 2225 ulli
1208 2190 1392 2225 hominum
1423 2190 1556 2225 virtute
1587 2190 1871 2235 evangeliea§.9.

13 2244 184 2297 '³⁵posse
214 2245 397 2280 dimittere
428 2246 632 2282 hominihus
664 2252 827 2293 peccata,
868 2247 1164 2293 queinadmodum'
1200 2245 1454 2281 simulachrum
1493 2245 1563 2281 hoc
1600 2245 1788 2291 gloriatur.

79 2301 209 2336 inscius
242 2301 325 2349 quid
357 2302 488 2337 dimitti
520 2308 581 2337 aut
613 2302 699 2337 solvi
732 2308 918 2349 peceatum
951 2303 1015 2337 sit:
1056 2308 1147 2338 ‘cum
1186 2302 1280 2336 enim
1310 2302 1559 2340 dimittuntur,
1599 2300 1790 2336 solutione'

79 2356 316 2404 Hieronymus
348 2359 416 2398 ait,
458 2364 537 2393 ‘non
573 2359 751 2403 indigent,
793 2358 940 2394 audiens
972 2359 1005 2393 in
1037 2358 1222 2405 evangelio
1255 2357 1439 2396 “Confide,
1479 2357 1568 2397 lilia,
1607 2357 1792 2392 dimittun-

79 2418 149 2448 ‘tur
180 2413 242 2448 tihi
274 2420 418 2461 peccata
452 2415 551 2450 tua''!
586 2414 645 2449 (lui
678 2420 795 2449 autem
829 2413 1036 2454 solvuntur,
1069 2420 1263 2461 propterea
1294 2413 1504 2453 solvuntur,
1537 2413 1619 2460 quia
1641 2419 1792 2460 purgata

80 2474 175 2504 ‘sunt
207 2475 241 2504 et
273 2469 392 2506 soluta
423 2482 488 2517 per
526 2470 674 2517 pamas)
735 2471 1045 2517 ‘quenuulmffllum
1085 2471 1119 2505 in
1149 2470 1305 2506 Levitico
1347 2470 1389 2505 de
1428 2469 1584 2517 leprosis
1624 2468 1790 2516 legimus,

35 2525 149 2560 ⁴⁰‘ubi
182 2525 351 2561 iubentur
380 2532 420 2561 ut
451 2527 636 2561 ostendant
672 2537 708 2560 se
740 2526 1006 2565 sacerdotibus,
1039 2531 1075 2561 et
1106 2526 1135 2561 si
1166 2526 1301 2573 lepram
1332 2526 1540 2564 habuerint,
1573 2531 1660 2567 tune
1688 2536 1706 2560 a
1738 2538 1793 2561 sa-

78 2582 235 2617 ‘eerdote
266 2582 387 2620 mundi
419 2583 522 2623 liant,
563 2594 633 2618 non
674 2593 745 2629 quo
784 2583 989 2618 sacerdotes
1028 2582 1194 2629 leprosos
1236 2582 1368 2617 saciant
1397 2587 1433 2617 et
1472 2581 1690 2622 immundos,
1730 2581 1791 2617 sed

166 2757 179 2777 ²
205 2758 346 2790 elavem
373 2759 465 2790 enim
494 2770 524 2800 q.
544 2759 600 2789 Ps.
622 2758 737 2789 Ambra
831 2756 843 2776 ⁴
871 2758 999 2797 ‘Igitur
1030 2757 1107 2788 haee
1135 2758 1250 2789 clavis
1283 2757 1508 2789 ostendenda
1535 2759 1591 2787 est
1616 2756 1791 2788 fratribus

80 2814 225 2854 nostris,
251 2817 290 2845 ut
316 2818 351 2846 et
369 2815 438 2856 ipsi
457 2818 641 2855 tamquam
660 2813 830 2854 discipuli
848 2814 958 2844 I'etri'
977 2822 1016 2847 ξε.
1038 2814 1093 2846 Ps.
1113 2813 1227 2845 Amhr.
1293 2813 1321 2833 ¹⁰
1346 2814 1486 2855 ceperit
1505 2815 1536 2843 1.
1608 2811 1633 2831 ¹⁵
1660 2813 1787 2844 Matth.

80 2868 104 2900 l.
123 2880 152 2901 e.
218 2869 244 2889 ¹⁷
271 2870 407 2911 aliquid
425 2868 482 2912 uz]
504 2871 623 2901 Locus
643 2872 698 2900 est
717 2869 925 2908 llieronym.
947 2879 1025 2899 mox
1045 2870 1107 2899 eit.
1172 2868 1198 2889 ¹⁹
1224 2869 1434 2911 Hieronym.
1456 2879 1582 2899 comm.
1603 2868 1639 2899 in
1659 2879 1789 2909 evang.

80 2924 205 2956 Matth.
225 2925 246 2957 l.
268 2937 297 2958 c.
318 2926 411 2965 (VII.
430 2937 462 2967 p.
486 2926 559 2956 124.
580 2926 645 2966 sq.)
724 2924 751 2943 ²⁵
779 2925 890 2965 eoepit
917 2927 946 2955 1.
1024 2923 1092 2943 ²⁰³⁷
1118 2924 1220 2956 Paul.
1242 2936 1295 2966 ep.
1315 2926 1343 2956 I.
1365 2925 1410 2956 ad
1428 2923 1585 2955 Timoth.
1606 2924 1672 2954 III.
1693 2925 1787 2955 ⁸2...4.

26 2985 31 3025 ⁴-
80 2978 107 3000 ³⁰
133 2980 224 3022 euin]
253 2982 309 3013 eui
330 2983 471 3013 Hieron.
545 2981 572 3001 37
600 2983 808 3020 llicronyni.
830 2991 954 3010 renim.
977 2980 1011 3010 in
1031 2980 1116 3010 lsai.
1138 2980 1262 3021 proph.
1282 2980 1343 3011 lib.
1364 2981 1425 3011 lx.
1445 2980 1538 3010 0..»14).
1560 2979 1633 3017 (IV.
1653 2979 1789 3019 1).4‹S¹U.)

91 3036 228 3077 indiget
254 3039 398 3068 Hieran.
470 3037 598 3068 Mattli.
625 3037 684 3067 lX.
705 3037 734 3067 2.
756 3039 790 3066 et
809 3036 960 3066 Hieron.
980 3035 1001 3066 l.
1023 3047 1051 3066 e.
1073 3036 1133 3071 lili,
1206 3035 1232 3055 ³⁹
1259 3035 1523 3076 qll(¹ma(llilml.]
1551 3035 1622 3064 llic,
1649 3045 1789 3075 quoque

80 3090 179 3122 locus
207 3102 249 3123 ex
275 3093 423 3124 Hieron.
445 3104 570 3123 comm.
592 3092 636 3123 ad
655 3092 784 3122 Matth.
802 3091 824 3122 l.
846 3102 875 3122 c.
894 3095 1058 3132 sumptus
1085 3094 1150 3123 est.
1222 3091 1380 3123 Lexdtic.
1400 3091 1499 3121 XIII.
1520 3090 1550 3122 2.
1568 3099 1643 3130 sqq.

164 3148 334 3179 Hv'r'rzul
356 3147 443 3179 Orr.
464 3159 546 3180 vot..
567 3149 606 3180 V.
1443 3145 1494 3184 23
