2133 3585
1073 772 1306 809 PRAEFATIO

592 860 640 882 AD
667 860 887 887 SEQVENTEM
913 859 1136 882 CONSTANTII
1163 861 1299 883 EVBVLI
1327 859 1534 882 MOVENTINI
1562 859 1787 881 ORATIONEM.

425 965 532 996 Hanc
558 964 776 1004 orationem,
805 966 929 1006 aptum
946 963 1184 995 Huttenianae
1211 963 1257 995 ad
1274 963 1410 995 Leonis
1427 962 1472 994 X.
1497 961 1635 994 bullam
1662 963 1909 995 adnotationis
1935 962 2051 995 corol—

338 1020 482 1061 larium,
517 1020 621 1062 quasi
652 1021 689 1051 in
722 1023 903 1052 conventu
933 1020 1159 1052 Vormatiam
1192 1022 1390 1051 convocato
1415 1018 1621 1050 habendam
1647 1020 1882 1061 conposuisse
1906 1019 2052 1052 videtur

336 1080 473 1109 auctor.
522 1077 685 1109 Hutteno
712 1077 773 1118 qui
798 1087 879 1108 eam
905 1076 1112 1108 adscribere
1138 1076 1346 1116 voluerunt,
1364 1074 1445 1107 'eos
1477 1085 1594 1116 neque
1620 1076 1736 1117 ipsam
1762 1076 1964 1107 orationem
1988 1085 2050 1107 ne-

337 1143 404 1174 que
430 1133 584 1165 Hutteni
610 1134 803 1175 quicquam
828 1133 964 1175 legisse
990 1133 1159 1172 dixerim,
1194 1133 1269 1165 sive
1303 1135 1439 1164 temere
1474 1135 1601 1164 contra
1633 1143 1757 1164 omnes
1789 1133 1878 1165 artis
1910 1133 2050 1164 criticae

334 1189 436 1230 leges
461 1189 643 1221 iudicasse
669 1189 786 1221 malis.
814 1192 940 1221 contra
966 1189 1026 1231 qui
1059 1199 1139 1220 cum
1163 1189 1403 1221 Burckhardo
1427 1189 1492 1221 III.
1519 1200 1552 1231 p.
1571 1187 1647 1221 312.
1674 1188 1820 1221 Crotum
1845 1189 2051 1221 Rubianum

336 1249 520 1278 auctorem
546 1246 657 1278 fuisse
684 1246 870 1286 dixerunt,
897 1249 996 1277 recte
1023 1246 1253 1278 coniectasse
1277 1249 1382 1288 puto:
1411 1245 1633 1277 conueniunt
1652 1256 1731 1278 cum
1748 1245 2050 1278 Burckhardiano

336 1307 546 1346 argumento
571 1307 730 1345 tempus,
763 1302 867 1334 stilus
900 1306 936 1335 et
967 1303 1134 1342 facetiae,
1170 1303 1491 1344 commentariique
1525 1312 1628 1343 quem
1659 1302 1810 1334 dixerim
1834 1302 1981 1334 habitus
2007 1313 2050 1334 ac

334 1360 500 1393 vestitus.
548 1370 631 1392 nam
656 1360 793 1402 scripta
820 1363 875 1391 est
900 1360 1015 1391 oratio
1041 1360 1166 1391 statim
1191 1363 1273 1401 post
1299 1359 1436 1390 editam
1453 1359 1721 1391 Huttenianam
1748 1359 1793 1391 ad
1810 1359 1946 1391 Leonis
1971 1358 2049 1390 bul·
2097 1395 2103 1401 ι

333 1416 406 1448 lam
432 1417 725 1457 adnotationem,
761 1426 841 1448 cum
865 1426 936 1447 non
962 1416 1015 1448 ita
1039 1415 1147 1457 longe
1174 1415 1301 1448 Crotus
1334 1426 1377 1447 ex
1402 1415 1516 1447 Italia
1547 1426 1714 1448 reversus
1748 1419 1863 1456 esset,
1896 1415 1940 1447 de
1966 1414 2051 1447 stilo

334 1483 415 1505 eum
438 1473 639 1516 longiorem
664 1473 947 1515 disputationem
971 1473 1050 1504 haec
1075 1472 1244 1514 praefatio
1270 1483 1341 1504 nou
1367 1472 1508 1514 capiat,
1534 1472 1694 1504 lectores
1720 1473 1765 1504 ad
1792 1471 1893 1504 Croti
1916 1482 2051 1503 morem

333 1531 538 1562 nominibus
563 1530 820 1571 detorquendis
839 1529 1268 1571 adnominationibusque
1286 1528 1453 1568 ludendi,
1479 1532 1520 1560 ut
1538 1529 1575 1559 in
1593 1529 1709 1560 Decio
1727 1529 1880 1560 Decimo
1892 1554 1900 1569 ,
1926 1529 2050 1560 Leone

334 1587 503 1627 Lenone,
537 1586 700 1628 aliasque
733 1586 905 1628 loquendi
938 1586 1110 1618 formulas
1144 1586 1252 1617 Croto
1286 1587 1441 1617 maxime
1475 1586 1630 1617 usitatas
1666 1589 1702 1617 et
1729 1585 1774 1617 ad
1799 1589 1961 1617 nostram
1987 1584 2049 1616 ad-

333 1643 560 1675 notationem
576 1643 621 1674 ad
638 1645 669 1683 §.
685 1641 738 1675 38.
760 1643 891 1675 refero.
935 1646 1042 1685 atque
1061 1643 1116 1674 hae
1136 1643 1279 1684 quidem
1297 1653 1368 1673 non
1385 1641 1496 1673 nullae
1515 1643 1568 1673 ita
1586 1642 1746 1674 Luthero
1763 1642 1993 1684 placuerunt,
2012 1645 2052 1672 ut

333 1699 461 1732 iisdem
489 1700 599 1731 etiam
624 1700 753 1731 multos
779 1703 861 1741 post
886 1710 998 1731 annos
1023 1702 1196 1736 uteretur,
1224 1700 1316 1741 quod
1341 1709 1469 1731 vereor
1493 1703 1533 1730 ut
1559 1699 1676 1731 adhuc
1702 1700 1793 1731 satis
1818 1699 2050 1731 observatum

332 1757 382 1789 sit
407 1757 452 1788 ab
478 1757 523 1788 iis
549 1757 609 1798 qui
635 1756 677 1788 de
702 1756 864 1788 Luthero
897 1756 1136 1798 scripserunt,
1172 1767 1251 1788 cum
1283 1767 1355 1788 non
1388 1756 1488 1788 nulla
1514 1767 1593 1799 quae
1619 1756 1719 1788 illius
1746 1759 1843 1793 sunt,
1877 1755 1961 1787 huic
1988 1755 2049 1787 ad-

334 1814 495 1845 scribere
521 1813 675 1845 soleant.
723 1812 829 1845 immo
856 1813 893 1844 in
918 1814 1006 1855 ipsis
1033 1813 1215 1854 dogmatis
1242 1813 1463 1856 exponendis
1490 1813 1709 1855 aliquotiens
1727 1813 1881 1844 Lutheri
1904 1812 2049 1854 prodro-

332 1879 426 1901 mum
452 1869 565 1901 fuisse
592 1868 737 1900 Crotum
763 1870 841 1901 haec
868 1870 948 1911 ipsa
974 1870 1139 1911 quamvis
1164 1869 1378 1911 neglectior,
1407 1871 1477 1902 nisi
1504 1870 1627 1910 fallor,
1659 1870 1790 1907 oratio,
1824 1869 1900 1902 sive
1927 1871 2049 1900 cento-

331 1936 414 1957 nem
446 1936 489 1958 ex
520 1926 634 1958 sacris
666 1926 856 1968 scripturis
888 1927 1099 1968 sanctisque
1131 1927 1311 1968 patribus,
1346 1927 1520 1968 imprimis
1546 1927 1785 1969 Hieronymo,
1821 1929 1856 1958 et
1886 1925 2051 1958 Leonina

331 1982 448 2023 bulla,
481 1986 520 2014 ut
544 1983 627 2014 huie
653 1983 889 2026 respondeat,
924 1984 1149 2025 conpositum
1176 1983 1294 2023 dicas,
1327 1983 1424 2015 haud
1449 1983 1601 2016 obscure
1627 1983 1799 2015 ostendit.
1839 1983 2050 2025 Inscriptio-

330 2050 413 2071 nem
445 2040 601 2082 exempli
631 2040 806 2082 principis
840 2040 986 2072 exhibui
1016 2040 1086 2072 vol.
1107 2041 1135 2073 Ι.
1153 2052 1186 2082 p.
1205 2041 1282 2072 444.
1302 2050 1353 2082 sq.
1386 2038 1461 2082 [ubi
1493 2040 1664 2072 mendose
1698 2042 1740 2071 12
1768 2041 1843 2081 foll.
1875 2040 2050 2082 scriptum

332 2100 403 2137 est,
439 2107 519 2129 cum
550 2097 698 2129 libellus
732 2097 771 2128 14
803 2097 901 2129 foliis
933 2096 1112 2139 constet]:
1146 2098 1263 2139 ipsum
1295 2097 1438 2138 quidem
1470 2107 1588 2139 neque
1620 2096 1739 2128 locum
1764 2107 1882 2138 neque
1908 2101 2050 2138 tempus

332 2164 400 2194 quo
425 2154 618 2196 prodierit,
650 2155 808 2194 indicat,
843 2155 907 2186 sed
933 2165 1013 2186 cum
1040 2155 1168 2186 charta
1193 2157 1335 2185 scutum
1368 2157 1595 2193 coronatum,
1631 2154 1668 2185 in
1703 2164 1770 2194 quo
1803 2154 1882 2195 ipso
1916 2163 2050 2185 corona

332 2220 411 2241 cum
442 2211 608 2243 crucibus
640 2212 751 2251 inest,
785 2212 962 2253 insignita
993 2212 1057 2249 sit,
1091 2214 1313 2253 cognoscent
1346 2211 1411 2242 alii
1444 2222 1487 2242 ex
1514 2221 1584 2252 qua
1610 2209 1758 2242 officina
1783 2209 2051 2252 typographica

330 2266 475 2298 libellus
500 2268 691 2308 prodierit,
720 2278 823 2309 quem
849 2268 1100 2300 Basileensem
1117 2268 1291 2299 Frobenii
1317 2278 1396 2299 esse
1423 2267 1634 2309 putaverim.
1678 2267 1841 2309 Repetiit
1858 2263 2060 2298 Miinchins'

331 2323 588 2366 neglegenter,
622 2326 745 2366 inepto
778 2325 875 2365 loco,
910 2328 991 2367 post
1024 2324 1210 2367 Epistolas
1243 2325 1475 2356 obscurorum
1510 2325 1683 2359 virorum,
1720 2324 1854 2365 Lipsiae
1888 2334 1920 2355 a.
1950 2321 2048 2355 1827.

332 2380 377 2412 ab
405 2381 483 2422 ipso
511 2381 645 2421 editas,
673 2393 705 2423 p.
725 2380 908 2414 504...518.
