2133 3585
356 280 445 325 186
552 300 801 321 coNst'L'rA'l'm
822 298 1033 320 GERMANICA
1052 300 1253 321 PRQPOSITA
1272 300 1315 321 ΛΡ,
1336 300 1586 322 ELECTORIBVS
1606 301 1648 321 ET
1668 301 1698 322 (¹.
1718 300 1748 323 A.
1773 297 1845 323 ¹517.

351 406 467 445 ferox,
508 405 678 452 regnandi
709 403 983 451 dominandique
1014 405 1182 452 cupidus,
1222 404 1469 440 Christianum·
1499 417 1663 441 eruorem
1701 406 1879 454 inexpleto
1918 407 2040 442 surore

349 461 491 500 sitiens,
525 462 711 508 omnistpie
740 460 942 495 Noliilitatis
973 466 1008 496 et
1036 462 1237 509 Principum
1261 461 1374 496 hostis
1397 462 1606 500 acerrimus,
1638 474 1715 497 eum
1739 462 1805 498 iam
1828 463 1901 498 sere
1925 463 2040 498 orien-

351 523 419 553 tem
451 523 486 553 et
516 517 781 553 meridionalem
813 516 953 563 plagam
986 517 1276 553 sihi-subiecisse
1306 516 1502 564 glorietur,
1545 519 1578 553 in
1612 518 1849 559 occidentem,
1888 520 1955 555 hoc
1985 524 2040 555 est

349 575 382 609 in
415 574 694 609 Christianorum
727 573 879 611 viscera.
911 585 990 609 cum
1021 573 1157 609 nullum
1190 573 1296 610 alium
1328 585 1435 620 posse
1467 574 1533 609 sibi
1567 574 1693 609 obesse
1725 572 1921 615 existimet,'
1943 586 2039 610 arma

347 631 523 667 convertit
557 636 742 677 totumque
773 629 838 664 sibi
870 629 996 665 Orbem
1028 630 1178 666 subdere
1209 635 1244 666 et
1275 629 1309 664 in
1341 630 1463 677 primis
1486 630 1718 666 Christianam
1740 630 1930 667 Ecclesiam
1960 638 2068 667 cru-5

347 687 438 723 cifixi
468 688 545 722 Iesu
576 686 706 722 Clu-isti
737 685 909 732 sanguine
941 686 1120 723 fundatam
1151 691 1186 721 et
1217 685 1431 721 Catliolicam
1471 699 1509 722 ac
1549 693 1704 722 sanctam
1742 687 1844 723 fidem
1880 692 2040 723 nostram

347 744 585 791 spurcissimae
606 743 931 778 lllaluimetanorum
963 748 1068 779 sectae
1100 743 1290 782 subiicere,
1323 742 1614 790 Christianosque
1646 744 1800 790 luipulos
1830 743 2040 791 religionem

348 812 445 836 suam
477 812 546 835 non
577 799 681 834 modo
711 799 895 838 descrere,
927 800 988 834 sed
1019 811 1083 847 per
1113 799 1224 835 varias
1256 810 1377 846 poenas
1409 799 1723 846 atrocissimosque
1754 800 1931 836 cruciatus
1962 812 2041 848 per-

347 868 476 904 negare
507 855 688 902 cogendos
718 855 918 902 proposuit.
980 856 1039 903 qui
1071 861 1107 891 et
1136 868 1178 891 co
1210 856 1321 903 magis
1363 855 1477 891 elatus
1508 868 1547 891 ac
1577 856 1752 903 superbus
1784 856 1961 904 superiori
1994 856 2040 891 vi-

347 913 458 948 ctoria
490 912 638 950 incedit,
680 911 775 958 quod
815 912 849 946 in
891 923 932 947 eo
971 911 1066 947 hello
1107 917 1141 947 et
1174 917 1302 947 terram
1335 913 1446 959 ipsam
1475 913 1556 959 'quae
1587 913 1664 948 lesu
1695 914 1825 951 Christi
1856 912 2087 948 cunabulislo

347 970 494 1017 gaudet,
528 974 562 1003 et
592 967 757 1004 Calvariae
788 967 923 1008 locum,
957 968 1016 1003 uhi
1046 969 1167 1004 Crucis
1199 969 1274 1003 eius
1305 969 1418 1005 adhuc
1448 969 1598 1015 vestigia
1630 969 1823 1009 iulia-rent,
1857 969 2040 1016 sanctique

348 1026 423 1061 eius
453 1024 615 1072 corporis
646 1024 881 1060 venerandum
914 1024 1159 1072 sepulchrum,
1193 1025 1483 1072 intemerataequc
1515 1026 1662 1072 virginis
1693 1026 1809 1061 Marize
1840 1038 1879 1061 ac
1900 1030 2040 1064 saneto-

346 1094 423 1117 rum
446 1080 704 1129 Apostolorum
734 1080 889 1117 nativum
921 1081 1035 1116 solum
1068 1094 1141 1117 suae
1170 1081 1295 1116 ditioni
1328 1082 1566 1128 acquisiverit.
1627 1094 1705 1129 quw
1736 1082 1814 1118 loca
1845 1094 1936 1118 nunc
1956 1093 2041 1118 con-

347 1138 523 1174 taminatis
554 1143 589 1172 et
620 1137 861 1185 spurcissimis
892 1137 1040 1185 pedihus
1070 1137 1251 1173 calcantur
1290 1138 1503 1185 sti—dausque
1534 1138 1734 1173 Christiano
1767 1139 1938 1186 sanguine
1970 1150 2041 1173 ma-

345 1195 465 1233 nibus,
507 1194 597 1241 proli
634 1193 756 1233 dolor,
797 1193 830 1228 in
869 1193 1024 1229 nominis
1055 1194 1169 1229 nostri
1202 1199 1412 1241 perpetuum
1444 1195 1596 1230 dedecus
1628 1195 1772 1230 tractari
1803 1207 1821 1230 a
1852 1195 1955 1230 nohis
1988 1195 2083 1229 iti-¹5

343 1251 560 1298 spiciuntur;
593 1262 744 1297 quorum
776 1251 881 1286 ctiam
913 1250 1130 1290 visitatione,
1165 1262 1232 1297 qua
1263 1250 1338 1285 sola
1371 1251 1520 1286 antehac
1552 1251 1729 1286 consolari
1752 1257 1912 1299 poterat,
1944 1251 2042 1286 Chri-

344 1307 495 1343 stianum
527 1318 639 1354 genus
671 1307 844 1354 privatum
876 1312 942 1342 est.

452 1363 512 1398 llis
542 1369 659 1399 autem
690 1362 840 1410 singulis
870 1363 1059 1410 diligenter
1089 1364 1324 1399 consideratis
1356 1364 1639 1412 ‹piandoquidcm
1662 1360 1945 1400 Christianorum
1967 1376 2042 1400 cer-

343 1420 476 1457 vicibus
507 1432 576 1455 non
609 1420 713 1455 modo
746 1432 870 1467 magna
901 1419 1061 1467 pericula
1093 1420 1320 1458 immineant.
1356 1433 1434 1456 eum
1472 1421 1539 1456 iam
1571 1427 1810 1456 trecentarum
1844 1420 2042 1456 triremium

342 1477 500 1513 velorum
531 1488 720 1523 parvorum
752 1489 792 1512 ac
822 1488 1032 1523 magnorum
1071 1482 1228 1524 paratam
1267 1477 1414 1512 classem
1448 1477 1560 1512 hostis
1593 1477 1718 1512 haheat
1750 1490 1787 1513 ac
1818 1477 1930 1512 indies
1962 1476 2039 1524 plu-
2054 1484 2085 1508 20

343 1546 399 1569 res
430 1533 471 1568 ad
502 1533 570 1568 hoc
601 1532 768 1572 fabricet,
807 1533 921 1580 deque
953 1533 1128 1571 fortunis,
1171 1534 1212 1568 de
1246 1534 1330 1572 vita,
1371 1534 1414 1568 de
1456 1533 1570 1569 salute
1607 1546 1685 1569 cum
1718 1535 1821 1569 hoste.
1852 1534 2042 1569 decernere

344 1589 555 1624 inevitabilis
596 1590 792 1625 necessitas
833 1601 897 1625 nos
928 1595 1054 1637 cogat,
1096 1601 1166 1625 non
1199 1602 1278 1625 csse
1308 1590 1442 1625 diutius
1476 1590 1747 1637 ‹piis-scendum,
1780 1602 1894 1637 neque
1925 1589 2043 1625 locum

343 1646 453 1681 ullum
482 1645 767 1681 diuturniorilms
799 1646 1120 1693 disceptationibus
1151 1646 1313 1682 relictum
1338 1646 1512 1681 Sanctitas
1534 1647 1609 1681 eius
1641 1646 1872 1685 existimavit,
1905 1657 2044 1681 sumen-

343 1703 492 1750 damque
531 1702 565 1737 in
605 1703 744 1737 hostem
786 1714 1008 1739 communem
1048 1702 1250 1750 generalem
1290 1716 1308 1737 a
1340 1703 1552 1738 Christianis
1584 1703 1748 1738 omnibus
1779 1702 2041 1750 expeditionem

343 1758 580 1795 necessarium
614 1758 691 1794 sore
722 1759 827 1798 (lixit,
868 1759 1080 1807 participato
1113 1760 1267 1794 omnium
1300 1759 1552 1807 praulietorum
1583 1759 1753 1797 consilio,
1793 1771 1871 1794 cum
1904 1759 1938 1794 in
1969 1759 2041 1806 pri-
2057 1766 2089 1789 25)
2127 1765 2133 1788 2:

343 1816 408 1851 mis
438 1815 543 1850 Deum
576 1815 749 1863 optimum
780 1816 968 1852 maximnm
1000 1816 1260 1858 incessantibus
1293 1816 1479 1863 precihus,
1514 1816 1756 1855 orationilnis‚
1800 1815 1958 1855 ieiuniis,
1991 1828 2044 1851 sa-

342 1871 502 1911 crificiis,
534 1872 741 1919 p‹1e11iteiitia
773 1872 1012 1919 contritisque
1043 1878 1076 1908 et
1110 1872 1304 1908 humiliatis
1335 1872 1502 1908 cordibus
1535 1872 1781 1911 constituerit,
1823 1877 1861 1907 ut
1892 1883 1962 1907 non
1993 1876 2046 1907 at-

345 1929 450 1964 tentis
482 1928 636 1975 peccatis
668 1929 818 1969 nostris,
865 1929 924 1964 sed
963 1941 1097 1964 memor
1138 1941 1211 1964 sua*r
1242 1929 1355 1965 solita>
1387 1929 1641 1965 misericordiae
1671 1929 1793 1964 mitius
1824 1940 1863 1963 ac
1893 1927 2045 1964 clemen·

344 1985 413 2020 tius
436 1984 619 2020 nobiscum
651 1991 750 2032 agat.
783 1997 923 2033 suoque
954 1986 1113 2033 auspicio
1146 1986 1186 2021 ad
1209 1976 1369 2021 sanctum
1402 1986 1468 2021 lioc
1500 1997 1589 2033 opus
1621 1991 1656 2020 ct
1687 1984 1819 2020 bellum
1850 1984 2045 2032 suscipien-

344 2042 425 2076 dum
457 2046 594 2077 mentes
626 2047 768 2077 nostras
799 2042 940 2089 dirigat.
1001 2042 1126 2077 deinde
1167 2048 1206 2077 ut
1245 2041 1385 2088 singula
1424 2042 1534 2081 lavella,
1575 2041 1810 2081 hostilitates,
1849 2041 2043 2077 dissensio·
2058 2047 2090 2073 30

344 2109 425 2137 nes,
467 2110 543 2145 quie
583 2099 677 2133 inter
707 2098 927 2134 Christianos
958 2099 1139 2146 Principes
1178 2104 1213 2133 ct
1243 2103 1450 2145 potentatus
1491 2098 1628 2144 vigent,
1668 2099 1710 2133 dc
1749 2098 1865 2133 medio
1898 2097 2043 2133 omnino

347 2154 535 2193 tollantur;
576 2154 705 2201 quilius
737 2155 871 2203 pacatis
904 2156 933 2190 si
966 2167 1036 2191 non
1069 2156 1166 2190 firma
1199 2167 1301 2202 pace,
1344 2154 1468 2189 saltem
1501 2167 1565 2202 pcr
1595 2154 1774 2193 indicias,
1815 2160 1854 2189 ut
1884 2166 1926 2190 co
1957 2152 2046 2189 libe-

344 2211 417 2245 rius
448 2211 488 2245 ad
520 2210 722 2257 generalem
754 2211 1014 2259 expeditionem
1056 2212 1089 2247 in
1129 2212 1252 2246 liostcs
1292 2212 1389 2258 ipsos
1428 2212 1633 2246 sumendam
1673 2210 1824 2258 quilibet
1863 2222 1900 2246 se
1931 2210 2046 2246 accin-

343 2278 428 2314 gere
460 2272 494 2301 et
534 2279 657 2314 parare
698 2269 829 2315 possit,
870 2274 1068 2315 caeteraque
1107 2268 1241 2306 omnia,
1284 2279 1360 2314 (μιν
1401 2268 1441 2302 ad
1483 2273 1586 2305 tanta·
1627 2268 1675 2303 rei
1714 2267 1843 2302 molem
1883 2266 2045 2306 attinent,

343 2323 534 2370 przeliabita
560 2329 627 2358 tam
650 2324 692 2359 de
714 2325 819 2360 modo
843 2324 926 2360 belli
958 2325 1118 2360 sumendi
1151 2336 1255 2371 quam
1286 2324 1328 2359 (le
1360 2324 1484 2371 copiis,
1516 2325 1558 2359 de
1589 2323 1762 2372 pecuniis,
1794 2324 1836 2359 de
1867 2335 2042 2360 commea·
2057 2320 2090 2355 35
2124 2348 2128 2351 -

345 2379 438 2414 tibus
470 2379 682 2414 articulatim
705 2380 842 2416 aliunde
864 2393 901 2417 ac
923 2381 1198 2428 priulentissin'ie
1220 2380 1402 2428 complexa
1424 2380 1543 2419 suerit,
1576 2392 1724 2428 eamque
1746 2379 2046 2415 consultationem

344 2441 379 2471 et
408 2447 629 2471 commulnem
661 2437 815 2472 omnium
847 2443 1147 2485 congregatorum
1180 2437 1391 2473 sententiam
1423 2437 1458 2472 in
1491 2437 1634 2484 scriptis
1673 2437 1848 2472 redactam
1887 2436 1928 2472 ad
1960 2436 2047 2471 invi-

342 2492 538 2528 ctissimum
559 2493 729 2528 Catsarem
752 2493 1024 2529 Maximilianum
1056 2494 1293 2529 Romamnum
1325 2494 1577 2541 Imperatorem
1609 2493 1762 2529 electum
1794 2499 1974 2540 tamquam
2006 2492 2045 2528 ad
2094 2496 2099 2530 i

344 2554 449 2596 caput
482 2548 696 2584 secularium
726 2549 931 2597 Principum
965 2555 1000 2585 et
1031 2551 1238 2586 advocatum
1272 2556 1402 2586 sanctie
1443 2549 1651 2597 apostolicae
1693 2550 1786 2585 sedis
1817 2549 2046 2585 Clu-isunnffl-

346 2616 414 2652 que
445 2604 523 2640 fidei
556 2611 797 2659 protectorem
830 2612 859 2641 et
897 2607 946 2642 rei
980 2606 1144 2641 militaris
1177 2607 1270 2642 inter
1302 2618 1426 2642 omnes
1448 2606 1631 2654 Principes
1654 2606 1942 2654 expertissimum
1966 2613 2088 2641 exa-*tc
2129 2604 2133 2607 ”

343 2661 541 2697 minandam
574 2662 932 2710 perpendeadamque
963 2663 1118 2700 miserit.
1153 2669 1186 2697 ut
1222 2663 1337 2710 siquid
1370 2675 1435 2710 pro
1458 2662 1664 2698 bellicarum
1687 2674 1806 2698 rerum
1827 2662 2045 2710 experientia

434 2840 441 2859 ¹
471 2841 506 2871 in
534 2840 676 2882 expleto
705 2842 776 2871 1.2.
831 2839 843 2860 ⁴
871 2851 949 2871 cum
1040 2842 1140 2874 exist.
1160 2852 1219 2873 mn.
1247 2843 1272 2872 I.
1322 2840 1439 2872 nullus
1466 2840 1558 2871 :ilius
1579 2843 1609 2871 3.
1668 2839 1679 2857 ἶ)
1706 2841 1773 2871 Pro
1799 2843 1985 2882 totumque

348 2900 550 2937 eaeteraque
576 2898 643 2927 tria
656 2902 781 2937 puncta
799 2897 895 2927 hahet
915 2898 946 2927 4.
995 2896 1007 2915 7
1025 2897 1359 2929 Maumethanorum
1380 2900 1409 2928 2.
1462 2896 1487 2916 ¹⁰
1506 2897 1596 2937 quod
1617 2900 1652 2927 ‹aet
1670 2897 1705 2927 in
1726 2908 1766 2927 eo
1785 2900 1817 2927 2.
1869 2901 1905 2928 et
1929 2907 1989 2928 om.
2012 2898 2043 2927 3.
2092 2927 2093 2933 ,

346 2951 372 2973 ¹⁴
399 2953 604 2994 sedatisque
624 2955 656 2983 2.
706 2951 730 2971 ¹⁰
757 2952 925 2994 treceni]
953 2954 1187 2984 ducentarum
1207 2956 1281 2984 203.
1330 2951 1355 2972 ²¹
1383 2951 1510 2993 deque]
1539 2953 1599 2983 scd
1627 2953 1669 2983 de
1691 2956 1721 2984 3.
1770 2950 1797 2970 ²³
1824 2952 1901 2983 eius
1926 2962 2046 2984 omnes.

343 3007 371 3027 ²¹³
398 3009 555 3050 auspitio
582 3011 611 3040 2.
675 3007 703 3027 ³⁰
734 3009 973 3041 dissentiones
999 3013 1031 3040 2.
1096 3009 1122 3028 ³²¹
1150 3010 1313 3051 peccatis
1340 3012 1369 3040 2.
1435 3007 1462 3027 ³⁴
1488 3007 1695 3050 ceteraque]
1730 3008 1987 3050 Sanctitasque
2015 3010 2046 3039 -Ι,
2089 3038 2091 3043 ,

344 3065 389 3105 cf.
407 3075 512 3105 snpra
537 3069 603 3095 not.
624 3066 670 3096 ad
692 3076 720 3096 v.
740 3065 770 3095 5.
828 3063 855 3084 ³¹
881 3064 998 3106 attin.)
1024 3066 1232 3106 vpertincant
1260 3068 1289 3096 4.
1347 3064 1374 3083 ³³
1401 3065 1442 3096 do
1469 3076 1547 3107 pec.
1568 3065 1608 3095 dc
1637 3067 1788 3095 comeat.
1808 3066 1839 3095 4.
1896 3063 1962 3083 ⁸⁵³³ss
1989 3075 2047 3095 eo—
2083 3065 2088 3116 j

346 3124 453 3152 meat.
473 3123 547 3152 2.4.
596 3120 624 3139 ³⁰
650 3131 692 3152 ac
718 3121 816 3163 prud.
835 3133 896 3151 om.
918 3124 949 3152 4.
998 3120 1026 3139 ³⁷
1053 3112 1327 3152 ‹·t...re'‹t=1et:nn
1352 3132 1411 3152 om.
1433 3122 1464 3151 4.
1513 3119 1540 3139 ³³
1568 3121 1800 3153 electum'om.
1818 3122 1850 3154 2.
1863 3123 1896 3153 3.
1945 3121 2044 3152 Rom.
2082 3117 2086 3150 Ι.
2123 3133 2133 3151 ει

348 3177 428 3218 imp.
450 3176 494 3207 el.
513 3187 572 3208 om.
593 3179 623 3209 4.
680 3175 710 3197 ⁴0
736 3180 771 3208 et
796 3177 854 3208 uni
882 3178 935 3208 rei
961 3179 992 3208 4.
