2133 3585
842 596 1178 629 PRAEMONITVM
1204 594 1443 627 EDITORIS.

376 702 430 733 Ex
463 702 570 733 huius
604 700 845 731 commentarii
879 698 1150 740 exemplaribus
1183 708 1261 739 quae
1289 696 1473 738 descripta
1505 698 1589 727 sunt
1614 695 1731 727 Indic..
1757 695 2001 738 bibliograph.

286 759 438 790 Hutten.
465 768 562 789 num.
581 756 725 788 XXXV.
748 755 793 786 ad
820 755 1016 787 editionem
1042 758 1203 787 nostram
1230 753 1475 785 adnotandam
1499 763 1571 784 non
1603 753 1674 784 nisi
1698 753 1852 794 primum
1879 756 1916 784 et
1940 763 2002 785 no-

287 825 384 854 num,
411 812 853 851 Cammerlanderianum,
889 812 1136 850 adhibuimus,
1165 811 1297 852 quippe
1324 821 1367 841 ex
1394 808 1523 850 quibus
1549 811 1674 840 cetera
1699 810 1822 841 omnia
1846 810 2004 852 repetita

287 874 389 910 sunt,
427 874 463 902 et
489 870 632 912 quidem
658 871 754 901 2...8.
783 872 819 900 et
846 870 897 899 10.
927 879 971 900 ex
997 870 1046 908 1.;
1075 878 1118 899 ex
1144 870 1173 898 9.
1194 867 1406 908 prodierunt
1431 866 1567 897 Latina
1594 865 1760 908 exempla
1783 867 2006 898 Hutteniani

288 926 557 965 commentarii3
591 926 685 957 idem
719 928 750 956 9.
780 935 860 956 cum
894 922 1155 956 additamentis
1182 922 1559 955 Cammerlanderiani
1592 922 1747 965 exempli
1781 922 1845 963 (9.)
1872 923 2004 956 foedius

288 994 334 1015 an
360 983 614 1026 neglegentius
640 982 808 1013 dubitare
833 982 951 1023 possis
977 980 1244 1012 contaminavit
1268 979 1385 1021 magis
1412 989 1518 1020 quam
1544 980 1692 1021 repetiit
1717 981 1782 1019 12.‚
1810 979 1862 1011 ita
1889 983 1928 1011 ut
1946 980 2006 1012 ad-

288 1041 358 1072 huc
384 1040 526 1072 offuciis
552 1040 627 1071 suis
652 1039 698 1070 iis
723 1037 963 1079 scriptoribus
995 1039 1146 1068 noceret
1179 1036 1238 1078 qui
1272 1035 1343 1067 sibi
1375 1046 1447 1067 non
1478 1037 1569 1068 satis
1602 1036 1646 1067 ab
1678 1036 1759 1068 istis
1790 1037 2006 1078 corruptelis

290 1098 467 1128 caverint.
516 1096 679 1128 Miinchii
711 1094 824 1126 verba
857 1097 940 1125 sunt
963 1093 1043 1125 haec
1074 1092 1156 1133 „ma
1181 1091 1342 1137 iibrigcuss
1370 1090 1419 1125 bic
1446 1092 1520 1132 effic
1546 1091 1704 1138 Qiussgabc
1737 1091 1857 1135 [quam
1883 1104 1928 1125 ne
1953 1094 2005 1126 vi-

289 1154 344 1184 dit
369 1153 512 1194 quidem
536 1152 640 1184 homo
666 1149 885 1191 levissimus]
920 1159 964 1183 au
989 1149 1145 1191 munchen
1171 1147 1305 1183 &tenen
1330 1148 1524 1182 hebentenbc
1551 1147 1729 1191 bifioriicbe
1755 1148 1912 1191 Qerfloife
1937 1149 2005 1185 uub

289 1207 581 1253 Unricbtigfciten,
606 1207 780 1247 beinnberss
805 1205 857 1240 bei
883 1205 943 1240 beu
967 1205 1101 1240 §numm
1126 1205 1179 1239 bct
1205 1204 1323 1248 OEfibste
1348 1204 1493 1247 1)c1t....'’
1558 1205 1855 1238 Conmentarium
1881 1209 2008 1239 auctor

289 1268 329 1297 ut
347 1266 491 1297 iuvenis
508 1265 705 1307 imperator
722 1263 766 1294 de
792 1262 967 1304 periculis
994 1273 1136 1294 coronae
1163 1262 1410 1304 imperatoriae
1430 1272 1451 1294 a
1469 1262 1567 1293 tiara
1584 1262 1776 1304 pontificia
1799 1263 2007 1295 inminenti-

289 1323 354 1354 bus
380 1324 603 1360 moneretur,
637 1331 675 1352 se
702 1320 935 1361 conposuisse
962 1322 998 1351 et
1024 1318 1263 1360 inscriptione
1290 1321 1327 1349 et
1350 1318 1567 1360 praefatione
1595 1321 1704 1360 atque
1729 1319 1767 1351 in
1792 1319 1864 1351 fine
1888 1319 2009 1352 libelli

289 1379 366 1421 ipse
386 1378 532 1420 scripsit
552 1376 600 1420 [a.
622 1376 752 1419 1520.]‚
781 1376 938 1419 exempli
957 1379 1079 1408 autem
1096 1376 1181 1407 noni
1201 1378 1338 1414 auctor,
1367 1375 1427 1417 qui
1444 1374 1609 1407 libellum
1627 1376 1835 1415 inmutavit,
1863 1386 1943 1408 cum
1962 1376 2007 1408 ab

290 1435 442 1466 Hutteni
468 1434 693 1476 temporibus
718 1434 825 1476 longe
851 1433 1033 1466 diversam
1057 1443 1115 1464 res
1133 1431 1291 1474 publicae
1319 1431 1655 1473 ecclesiasticaeque
1683 1432 1817 1464 faciem
1845 1433 2007 1475 accepis-

290 1494 386 1529 sent,
414 1491 491 1522 fere
518 1490 726 1533 neglexisse
752 1490 914 1529 videtur,
943 1490 1107 1531 quamvis
1132 1489 1210 1531 ipse
1231 1498 1372 1530 quoque
1391 1488 1433 1520 de
1460 1488 1681 1530 imperatore
1699 1489 1876 1521 monendo
1894 1490 2009 1521 verba

294 1548 436 1580 fecerit.
492 1548 547 1579 De
567 1547 722 1580 diversis
748 1547 971 1579 diversorum
998 1546 1259 1588 exemplarium
1284 1545 1583 1586 inscriptionibus
1610 1545 1852 1578 conferendus
1879 1548 1934 1578 est
1950 1547 2009 1578 In-

291 1604 360 1636 dex
385 1603 508 1646 paullo
535 1607 620 1636 ante
646 1606 877 1635 memoratus.
927 1603 990 1635 ubi
1022 1603 1118 1634 inter
1149 1612 1187 1634 se
1221 1602 1431 1643 discrepent
1456 1603 1487 1633 1.
1515 1604 1551 1633 et
1576 1604 1607 1633 9.
1636 1601 1748 1633 facile
1781 1612 1824 1633 ex
1850 1601 2009 1634 editione

290 1664 415 1693 nostra
441 1663 639 1703 conspectu
665 1664 729 1692 est.
772 1660 872 1691 nolui
898 1662 1021 1691 tamen
1053 1659 1210 1690 omnium
1242 1658 1431 1700 seripturae
1467 1659 1657 1700 apinarum
1690 1658 1926 1691 adnotatione
1959 1659 2010 1691 le-

291 1720 447 1756 ctorum,
489 1717 549 1758 qui
584 1727 713 1749 vercor
748 1727 792 1748 ne
830 1716 978 1747 nimiam
1015 1716 1237 1748 variantium
1273 1715 1463 1756 scripturae
1500 1715 1770 1747 multitudinem
1801 1726 1857 1747 me
1890 1716 2009 1747 subie-

293 1774 385 1805 cisse
405 1773 686 1815 reprehendant,
715 1773 840 1805 oculos
866 1773 1091 1814 defatigare;
1119 1772 1244 1813 itaque
1272 1772 1308 1803 in
1333 1772 1541 1804 universum
1567 1771 1627 1804 hic
1653 1782 1859 1814 praemoneo
1884 1772 2010 1814 saepis-

292 1831 380 1861 sime
406 1839 425 1863 a
450 1830 536 1871 poni
562 1830 599 1861 in
626 1831 679 1869 9.,
707 1829 769 1860 ubi
794 1839 811 1862 n
837 1829 952 1861 habet
977 1831 1026 1867 1.,
1054 1831 1093 1859 ut
1119 1829 1156 1859 in
1181 1828 1304 1860 verbis
1327 1833 1367 1862 im
1394 1827 1483 1870 (ἴω),
1511 1830 1583 1869 mid)
1610 1828 1736 1869 (norb),
1760 1829 1892 1870 hornud)
1920 1827 2011 1869 (bnt-

289 1886 396 1927 πσὼ),
430 1889 496 1919 mul
530 1885 651 1927 (mul),
683 1885 811 1926 fiirmur
845 1883 1026 1926 (furiunt),
1059 1885 1159 1925 hruth
1193 1884 1349 1927 (hrotht),
1382 1888 1498 1926 gethan
1526 1884 1694 1926 (getheum
1727 1885 1737 1918 i
1770 1885 1807 1916 in
1833 1887 1865 1917 9.
1890 1885 1953 1917 ubi
1979 1887 2010 1917 1.

290 1943 402 1974 habet
427 1952 465 1983 ι),
492 1945 530 1973 ut
555 1942 604 1983 bie
631 1941 740 1983 (bnt),
766 1942 823 1983 liin
851 1940 965 1983 (nnn),
988 1941 1023 1984 je
1047 1942 1124 1974 sive
1150 1942 1199 1983 ihc
1225 1940 1315 1984 (ne),
1348 1943 1403 1975 nie
1429 1940 1544 1983 (rme),
1578 1941 1619 1980 [ie
1645 1939 1751 1983 (sne),
1776 1941 1852 1982 3mci
1879 1940 2010 1983 (men),

289 1999 356 2032 urei
384 1996 516 2040 (bren),
549 1997 629 2040 fltiss
656 1997 799 2040 (Ῐῑεῃβ),
825 1999 913 2032 mint
941 1998 1091 2040 (neom),
1120 1999 1181 2040 μὴ
1209 1998 1329 2041 (3291),
1363 1998 1446 2030 dum
1471 2008 1489 2029 e
1516 2007 1693 2030 converso
1719 2000 1749 2029 9.
1777 2008 1876 2040 saepe
1902 2007 1920 2039 ι)
1948 1998 2011 2030 ha-

290 2055 353 2087 bet
377 2066 440 2097 pro
467 2055 477 2088 i
504 2055 541 2086 in
567 2057 617 2092 1.,
651 2055 829 2097 imprimis
854 2056 892 2086 in
918 2056 1071 2097 syllabis
1103 2055 1186 2097 brit,
1220 2055 1304 2096 heiu
1339 2065 1382 2086 ex
1405 2054 1517 2086 verbo
1551 2053 1639 2096 solid)
1673 2054 1760 2086 eicit
1785 2056 1815 2086 9.
1849 2054 2011 2086 litteram

289 2112 322 2152 ἐς
347 2112 410 2142 ubi
437 2113 467 2142 1.
492 2110 552 2152 jn,
582 2110 619 2153 jr
649 2111 780 2151 habet,
815 2112 853 2143 in
879 2114 911 2143 9.
939 2112 1016 2143 fere
1048 2112 1181 2153 ubique
1208 2111 1284 2152 ihu,
1316 2112 1369 2158 ibt
1401 2110 1552 2152 legitur3
1585 2104 1696 2152 pro‘fi
1723 2113 1752 2143 1.
1780 2111 1818 2142 in
1843 2113 1874 2143 9.
1900 2111 2012 2143 scribi

291 2167 384 2199 solet
412 2177 449 2208 ιι,
486 2166 565 2209 (pro
593 2167 664 2208 sih.)
692 2168 768 2209 nit,
797 2167 876 2210 (pro
902 2167 964 2210 υῐῖ)
991 2167 1076 2209 nuff,
1112 2167 1192 2210 (pro
1217 2166 1276 2209 υβ)
1294 2166 1394 2208 mik,
1430 2166 1510 2209 (pro
1536 2166 1615 2208 bi13)
1648 2165 1719 2208 bib,
1754 2166 1834 2209 (pro
1857 2166 1908 2208 DJ)
1939 2172 2011 2208 vus.

292 2223 372 2265 (pro
398 2224 466 2263 uis)
493 2223 568 2265 ulfi}
593 2228 655 2257 nub
683 2227 718 2256 et
742 2228 831 2258 unuh
857 2225 1062 2266 promiscue
1088 2225 1125 2256 in
1150 2227 1303 2266 utroque
1331 2223 1495 2266 exemplo
1521 2226 1718 2266 ponuntur;
1745 2234 1808 2266 pro
1834 2224 2012 2267 singulari

292 2283 302 2313 i
330 2280 511 2322 duplicem
538 2280 650 2312 habet
675 2283 717 2319 9.,
744 2284 783 2312 ut
810 2279 934 2321 (grstelt
962 2280 1010 2321 1.)
1037 2281 1153 2324 gestent
1179 2283 1210 2314 9.
1239 2283 1275 2312 et
1299 2291 1362 2322 pro
1387 2280 1524 2321 duplici
1549 2286 1561 2313 t
1588 2280 1811 2322 singularem
1835 2280 1948 2313 habet
1966 2284 2009 2321 9.,

292 2340 330 2367 ut
357 2337 441 2376 (butt
469 2335 517 2376 1.)
544 2339 616 2377 hut.
650 2335 745 2377 [mitt
771 2334 821 2377 1.)
848 2337 921 2370 mit.
967 2338 1131 2369 Litteras
1163 2336 1328 2369 initiales
1354 2337 1431 2369 sive
1458 2337 1615 2369 maiores
1641 2347 1673 2378 q.
1692 2347 1725 2369 v.
1744 2337 1781 2368 in
1806 2337 2012 2369 nominibus

292 2393 497 2424 scribendis
522 2392 655 2433 saepius
682 2392 832 2423 adhibet
849 2395 881 2424 9.
909 2403 1016 2433 quam
1036 2396 1066 2425 1.
1117 2394 1188 2433 Qui
1214 2393 1319 2425 huius
1337 2393 1433 2425 modi
1458 2392 1598 2425 scholia
1617 2393 1885 2435 adspernantur
1902 2394 2011 2426 velim

294 2452 329 2479 et
354 2448 500 2491 linguas
526 2452 563 2480 et
588 2447 882 2490 orthographiam
909 2450 1260 2492 ty1‘iographiamque
1288 2460 1389 2481 suam
1414 2449 1604 2481 historiam
1629 2449 1766 2481 habere
1785 2450 2011 2492 permittant.

381 2505 435 2536 Ad
462 2504 737 2546 inscriptionem
764 2504 1143 2538 Cammerlanderiani
1177 2506 1333 2548 exempli
1368 2507 1500 2538 adnoto
1532 2516 1675 2538 versum
1701 2507 1848 2538 tertium
1873 2507 2011 2538 habere

292 2562 385 2601 asson,
413 2565 451 2592 ut
476 2561 734 2603 repetivimus,
762 2572 826 2603 pro
850 2563 952 2602 ultcn,
978 2573 1108 2595 nomen
1135 2567 1255 2595 autem
1274 2561 1501 2605 essltlrimiiuuj
1518 2562 1675 2594 retinere
1695 2563 1811 2594 visum
1829 2572 1901 2595 non
1920 2573 2010 2596 esse.
