2133 3585
150 273 284 295 LEONIS
305 274 336 295 X·
351 274 421 295 CVM
441 273 677 296 CARDINALIB.
699 274 932 302 ORAT011115.Q.
946 275 1142 297 CONSVLTT.
1154 275 1222 296 PRO
1241 276 1369 297 EXPED.
1381 276 1523 298 CONTRA
1541 278 1642 299 TVRC.
1655 273 1723 300 CtC.
1755 259 1841 305 151

137 378 325 415 ‘beralitati
357 379 425 414 hoc
456 378 717 414 reinitteinlum.
754 375 757 429 l
790 379 936 426 Reliqua
967 385 1050 415 sunt
1079 380 1149 414 duo
1171 391 1323 426 genera,
1355 380 1677 418 eeclesiasticm·um
1699 390 1734 418 et
1756 384 1817 419 lai·
1839 394 1938 427 (μω.)

147 446 281 471 corum.
342 433 578 470 Ecclesiastiei
611 446 732 469 omnes
771 436 922 471 decimas
960 435 1099 471 solvant
1139 436 1173 470 in
1214 436 1376 483 singulos
1409 448 1538 476 annos,
1580 437 1631 473 vel
1665 439 1780 479 etiam,
1821 442 1850 476 si

147 492 258 526 visum
298 490 423 530 fuerit,
468 491 634 537 vigesima
666 497 725 526 aut
759 492 940 539 trigesima
972 496 1072 539 parte
1102 491 1279 527 bonorum
1311 492 1502 533 stabilium,
1536 493 1667 540 quibus
1699 495 1849 531 maiores

146 547 305 582 redditus
336 547 469 582 suerint
508 546 664 585 vendita,
707 548 1014 595 reprzesentabunt
1053 546 1171 583 semel=
1202 549 1383 594 pecuniam
1423 548 1578 596 plurium
1617 550 1849 591 decimarum:

115 608 206 639 saut
236 603 264 637 si
297 602 414 650 aptius
446 603 555 638 visum
589 603 715 645 fuerit,
756 605 921 651 quodque
960 604 1081 639 forsan
1123 609 1177 638 est
1212 604 1467 652 deliberatione
1490 605 1671 652 dignum,
1712 607 1739 641 si
1772 619 1850 654 pcr-

142 659 263 706 pensis
295 664 330 694 et
361 659 545 694 aestimatis
577 658 902 695 ecclesiastieorum
933 659 1204 700 beneficiorum,
1244 661 1518 708 priesertimquc
1549 663 1849 699 monasteriorum

144 720 179 750 et
208 714 464 751 cathedralium
497 728 535 751 ac
565 716 921 763 metropolitanarum
960 715 1189 752 ecclesiarum
1228 717 1443 757 redditibus,
1485 723 1618 753 tantuin
1658 718 1712 754 liis
1744 718 1850 754 relin-

144 777 273 818 quetur
302 783 343 806 ex
374 772 492 807 fructu
525 783 660 813 annuo,
694 773 752 819 qui
784 784 907 808 eorum
941 771 1193 808 beneficiorum
1225 779 1307 808 sunt
1329 785 1563 820 possessores
1586 775 1745 821 quodad
1768 787 1851 823 sup-

143 827 290 875 plendas
321 829 574 867 necessitates,
607 828 803 865 mediocres
836 828 939 863 etiam
970 829 1257 868 commoditates,
1296 829 1415 864 habita
1446 830 1584 865 ratione
1615 842 1850 877 personarum

0 901 11 924 ,1,
99 892 128 917 10
144 883 446 930 dignitatumque,
479 890 533 919 sat
564 884 689 923 fuerit:
722 884 895 932 reliquum
929 896 1011 920 vero
1044 895 1145 920 omne
1178 885 1211 919 in
1243 885 1504 921 sanctissimum
1536 898 1637 922 usum
1669 893 1852 923 converte-

144 945 222 980 tur,
263 940 297 974 in
339 951 408 987 quo
441 941 540 987 quasi
573 941 741 987 gradibus
774 940 983 988 quibusdam
1016 940 1146 976 iudicio
1177 941 1391 988 prudentum
1423 948 1477 977 est
1508 943 1665 978 facienda
1697 944 1851 979 testima—

60 1027 81 1044 ,
142 996 210 1035 tio,
251 1001 289 1031 ut
332 996 392 1043 qui
434 996 548 1031 minus
586 996 716 1032 liabent
755 997 788 1032 in
825 997 951 1032 annuis
990 996 1205 1037 redditibus,
1246 998 1384 1033 tertiam
1425 997 1562 1033 solvant
1593 1004 1749 1046 partein,
1790 1001 1849 1047 qui

140 1052 240 1100 plus,
280 1052 479 1092 dimidiam,
521 1053 580 1099 qui
611 1052 821 1100 plurimum,
861 1053 946 1089 duas
979 1053 1102 1089 tertias
1135 1053 1186 1089 vel
1219 1059 1291 1089 tres
1324 1060 1467 1101 quartas
1505 1060 1638 1102 partes.
1697 1056 1849 1103 denique

140 1115 200 1151 ut,
239 1114 416 1144 reservata
447 1109 637 1156 unicuique
668 1108 909 1145 ecclesiastico
942 1109 1110 1157 portione
1142 1110 1181 1145 ad
1213 1111 1501 1146 commoditatem
1542 1111 1654 1147 victus
1696 1112 1848 1159 frugalis

98 1173 127 1198 15
140 1165 358 1204 necessaria,
392 1165 485 1212 quod
517 1171 681 1212 superest
712 1166 779 1201 hue
809 1167 1016 1201 conserant:
1050 1166 1143 1213 quod
1176 1171 1274 1202 tanto
1305 1166 1417 1214 magis
1449 1167 1524 1202 lieri
1557 1168 1599 1203 ab
1632 1167 1700 1203 illis
1731 1168 1847 1208 debet,

140 1222 235 1268 quod
265 1221 470 1268 patrimonii
502 1222 632 1257 Christi
663 1224 893 1269 possessores
924 1222 1053 1258 debent
1085 1222 1202 1258 onmia
1232 1223 1317 1262 deo,
1351 1229 1385 1258 et
1417 1234 1540 1259 eorum
1563 1224 1761 1272 exemplum
1784 1237 1849 1260 cze-

140 1278 207 1312 teri
239 1277 411 1313 imitaturi
443 1278 514 1312 sint
545 1277 788 1324 libentiusque
820 1290 882 1313 sua
912 1278 978 1313 deo
1018 1278 1185 1313 oblaturi.
1281 1279 1374 1315 Laici
1403 1291 1504 1319 vero,
1532 1280 1560 1314 si
1602 1281 1739 1315 nobiles
1772 1281 1846 1316 sue-

139 1334 211 1368 rint
241 1339 276 1368 et
308 1339 367 1368 aut
397 1333 550 1369 dominia
574 1339 643 1368 ‘aut
681 1334 783 1368 feuda
822 1334 1028 1373 habuerint,
1068 1335 1257 1375 decimam,
1299 1336 1328 1370 si
1370 1335 1514 1383 privati,
1555 1336 1777 1383 vigesimam,
1819 1337 1848 1371 si

138 1401 221 1425 vero
252 1389 404 1425 artifices
435 1389 597 1425 manibus
627 1390 756 1425 vietum
788 1395 1003 1436 quaerentes,
1035 1402 1109 1426 eain
1142 1397 1276 1438 partem
1308 1392 1508 1427 reddituum
1530 1404 1677 1428 suorum
1699 1393 1848 1432 solvent.

93 1453 126 1478 20
142 1458 220 1493 quae
260 1445 435 1481 videbitur
472 1445 673 1481 convenire.
734 1445 957 1481 publicanam
998 1447 1103 1482 etiam
1146 1445 1387 1494 indulgentiae
1415 1449 1646 1485 sanctissimae
1676 1449 1848 1485 Cruciatze

137 1502 337 1538 ferentibus
369 1514 472 1549 opem
504 1502 702 1538 defensioni
735 1508 865 1538 sanctie
898 1502 999 1542 lidei,
1041 1514 1082 1537 ex
1114 1503 1264 1550 quibus,
1305 1504 1332 1538 si
1364 1504 1496 1539 bellum
1528 1505 1593 1540 lide
1625 1505 1715 1540 bona
1747 1517 1848 1552 gere-

139 1564 215 1598 tur,
248 1570 384 1606 magnae
415 1558 579 1606 profecto
611 1558 770 1605 pecuniae
801 1558 1120 1606 eomparalnintur:
1154 1571 1223 1594 non
1256 1560 1348 1595 enim
1370 1566 1510 1595 mortua
1532 1567 1586 1596 est
1608 1562 1692 1597 tides
1715 1562 1748 1596 in
1771 1574 1849 1597 cor-

137 1615 241 1650 dibus
264 1614 439 1655 fidelium,
471 1627 535 1650 nec
555 1614 711 1650 coelestis
742 1615 857 1662 patria
888 1627 1145 1663 usquequaque
1176 1617 1439 1655 contemnum-2
1472 1617 1533 1651 sed
1565 1617 1665 1652 inulti
1699 1623 1781 1653 sunt
1814 1624 1849 1653 et

138 1677 242 1707 erunt
275 1671 334 1718 qui
365 1683 473 1719 parvo
506 1671 625 1718 precio
659 1672 763 1706 vitain
795 1676 964 1707 aeternam
995 1671 1150 1707 libenter
1179 1679 1314 1712 ement,
1348 1673 1376 1707 si
1409 1672 1559 1708 viderint
1590 1674 1684 1709 serio
1717 1686 1755 1709 ac
1777 1686 1847 1709 non

93 1735 126 1759 ‘25
140 1727 351 1763 simulanter
382 1739 447 1775 pro
479 1728 544 1763 deo
576 1728 740 1775 pugnari.
800 1728 868 1763 Has
901 1740 983 1763 vero
1015 1729 1182 1775 pecunias
1214 1741 1278 1765 nos
1312 1730 1506 1765 iudicamus
1538 1729 1584 1764 ita
1609 1742 1686 1765 esse
1708 1730 1849 1777 exigen-

138 1785 199 1819 das
231 1796 270 1819 ac
301 1784 552 1819 custodiendas
592 1790 627 1819 et
660 1784 940 1831 dispensandas:
982 1785 1139 1820 Primum
1180 1791 1219 1821 ut
1259 1785 1542 1833 uniuscuiusque
1573 1786 1731 1821 Civitatis
1769 1798 1849 1822 cum

138 1853 201 1875 sua
231 1840 365 1876 diocesi
398 1840 599 1875 ordinarius
631 1841 851 1876 sacerdotem
884 1852 1011 1881 unuin,
1044 1847 1079 1877 et
1108 1841 1303 1889 capitulum
1335 1842 1549 1878 cathedralis
1580 1842 1739 1878 ecclcsiae
1761 1842 1849 1878 alte-

137 1908 215 1932 rum
246 1897 439 1944 deputent,
472 1897 531 1943 qui
562 1897 634 1932 sint
668 1896 830 1932 timentes
861 1897 964 1932 deum
996 1903 1030 1932 et
1062 1898 1220 1933 moribus
1251 1898 1413 1945 probati;
1443 1899 1571 1934 Deinde
1604 1898 1769 1934 dominus
1800 1899 1848 1934 ci-

137 1953 255 1988 vitatis
295 1964 402 1988 unum
443 1948 619 2003 idolueuin
661 1952 787 1999 eligat,
831 1953 955 1988 deinde
994 1954 1206 1989 universitas
1246 1955 1373 1990 civium
1415 1967 1521 1990 unum
1561 1967 1624 1990 seu
1655 1955 1745 1990 duos
1778 1967 1817 1990 ex
1841 1962 1939 1996 (11.11.)

93 2014 289 2045 30mnnero
334 2009 460 2045 civium
505 2014 565 2044 aut
601 2009 739 2044 clericis
779 2009 998 2045 secularibus
1040 2010 1112 2045 sire
1149 2011 1479 2057 1·egularilnis‚'ut
1517 2010 1642 2046 melius
1682 2011 1846 2050 iudicant,

137 2066 352 2105 constituat,
394 2066 453 2113 qui
486 2065 591 2101 simul
624 2077 746 2101 omnes
778 2072 813 2101 et
843 2066 985 2112 exigant
1016 2066 1183 2113 pecunias
1215 2068 1256 2102 ad
1287 2079 1393 2114 supra
1425 2067 1552 2103 dictam
1585 2067 1779 2106 rationem,
1812 2073 1846 2102 et

137 2134 196 2158 eas
228 2122 262 2156 in
294 2134 398 2169 capsa
437 2127 497 2157 aut
528 2122 562 2156 in
594 2121 673 2157 loco
706 2127 808 2169 apto,
846 2122 946 2158 cuius
987 2134 1149 2157 scorsum
1188 2123 1320 2170 singuli
1354 2123 1504 2159 habeant
1535 2123 1649 2167 claves
1680 2123 1847 2163 diversas,

138 2184 178 2214 ut
207 2177 327 2214 nullus
358 2190 481 2214 eorum
513 2178 589 2213 sinc
620 2178 750 2214 ceteris
783 2178 948 2213 omnibus
987 2179 1163 2225 attingere
1203 2180 1394 2226 quidquam
1435 2180 1569 2227 possit,
1609 2175 1846 2226 congregatas

138 2240 174 2271 et
196 2234 372 2282 sepositas
396 2240 557 2274 teneant,
590 2234 838 2282 rationemque
871 2235 985 2270 totius
1018 2235 1122 2270 liuius
1155 2236 1314 2282 pecunia}
1347 2236 1381 2271 in
1413 2236 1558 2283 scriptis
1580 2235 1772 2282 diligenter
1794 2248 1847 2271 re-

92 2292 271 2338 35digent.
320 2303 407 2338 quas
444 2291 611 2339 pecunias
643 2302 746 2326 nemo
780 2291 900 2338 quavis
940 2291 1113 2338 dignitate
1153 2292 1325 2339 prseditns
1364 2292 1429 2327 sub
1471 2292 1847 2328 excomnnmieationis

2 1254 14 1278 li

226 2412 239 2432 2
264 2412 407 2444 solvent
424 2414 547 2444 2.3.5.
597 2422 722 2451 annos,
744 2415 781 2443 ut
800 2412 909 2443 etiam
929 2412 1034 2443 ΧΧΠΠΙ
1061 2416 1122 2443 aut
1141 2413 1281 2444 XXX¹¹¹³
1307 2417 1338 2444 5.
1387 2411 1398 2431 ⁴
1426 2412 1568 2444 rendita
1587 2416 1618 2443 5.
1668 2412 1680 2431 ⁵
1707 2411 1781 2454 aut]
1802 2414 1847 2445 At

138 2472 169 2500 2.
185 2472 216 2501 3.
245 2469 482 2500 foi-sitan2.5.
511 2469 662 2500 forsitae
674 2471 706 2500 3.
756 2469 945 2509 prepensis
964 2472 994 2499 5.
1044 2468 1056 2487 ⁶
1074 2469 1275 2510 prmsertim
1295 2471 1366 2501 2.3.
1418 2467 1716 2500 10111111111ο’.)....’5.
1765 2479 1844 2510 pru-

138 2525 299 2556 dentium
326 2528 401 2556 23.
460 2524 485 2544 ¹²
511 2525 711 2556 redditibus
738 2524 914 2555 decimam
941 2524 1086 2556 solvant
1110 2528 1262 2566 partem⁷
1292 2526 1351 2566 qui
1378 2525 1458 2567 plus
1486 2529 1661 2566 quartam,
1690 2525 1844 2561 tertiam,

138 2581 314 2616 decimam
340 2580 422 2622 [pro
448 2581 526 2612 dee.
553 2581 738 2612 dimidiam
766 2578 838 2621 3.],
874 2581 932 2621 qui
965 2580 1154 2621 plurimum
1181 2583 1300 2613 2.3.5.
1352 2580 1377 2600 ¹⁴³
1397 2591 1518 2612 eorum
1539 2579 1606 2621 ex.]
1633 2584 1769 2611 certum
1790 2591 1844 2612 ex.

138 2640 254 2670 2.3.5.
276 2639 377 2678 falso.
450 2637 516 2657 ¹⁷⁴¹&
535 2637 671 2669 fuerint
690 2639 751 2667 aut
768 2640 798 2667 5.
872 2635 896 2655 ¹⁰
922 2647 1064 2667 suorum
1096 2637 1299 2668 reddituum
1325 2640 1401 2670 23.
1437 2647 1579 2669 suorum
1596 2647 1656 2667 0711.
1674 2639 1704 2667 5.
1777 2637 1845 2668 sol-

137 2697 226 2725 vant
249 2698 280 2725 5.
329 2693 356 2713 ²¹
383 2695 520 2735 geritur
544 2696 641 2725 2...-1.
690 2691 718 2711 ²²
736 2696 790 2723 est
808 2696 947 2723 mortua
966 2696 996 2724 2.
1011 2696 1041 2724 5.
1092 2694 1128 2724 in
1148 2693 1385 2725 concordibus
1405 2695 1436 2724 «1.
1486 2692 1514 2712 2³
1534 2693 1580 2724 cf.
1600 2692 1703 2723 Paul.
1725 2703 1779 2734 ep.
1800 2693 1845 2724 ad

137 2750 250 2781 chr.
270 2750 330 2781 XI.
354 2749 403 2781 lG.
473 2748 502 2769 ²⁴
528 2748 582 2791 ac]
617 2753 651 2780 ct
678 2750 774 2779 2...4.
830 2746 858 2766 ²⁵
884 2748 980 2779 Inter
1012 2750 1177 2791 pugnari.
1204 2754 1234 2780 et
1260 2750 1337 2780 Has
1368 2760 1453 2781 vero
1481 2750 1643 2780 4.‹ul1lz·l:
1676 2749 1843 2780 Additum

138 2809 177 2836 ut
203 2805 442 2846 eleemosynae
469 2818 490 2837 a
522 2806 611 2837 viris
643 2804 887 2845 integerrimis
923 2804 1161 2845 colligantur,
1196 2809 1231 2837 et
1257 2816 1278 2836 a
1303 2805 1493 2846 trapezitis
1521 2816 1598 2836 eum
1624 2805 1775 2837 honesto
1802 2817 1845 2837 :ie

141 2862 322 2893 moderato
348 2862 485 2893 laboris
512 2862 609 2893 luero
636 2861 914 2900 transferantur.
939 2863 1000 2892 sed
1023 2862 1094 2892 lzwe
1119 2863 1336 2902 neylegsentiw
1361 2863 1500 2893 editoris
1524 2861 1747 2893 adscribenda
1772 2873 1844 2893 esse

140 2919 307 2958 videntur,
333 2929 402 2949 cum
426 2920 511 2950 idem
534 2920 644 2959 paullo
671 2918 764 2955 insi-a
788 2927 846 2947 sno
872 2919 942 2948 loeo
968 2928 1038 2948 eam
1058 2919 1323 2958 proposilz'onem
1350 2923 1492 2959 repetat.
1548 2915 1576 2935 ²⁵
1602 2915 1657 2958 ac]
1687 2920 1722 2948 ct
1748 2920 1842 2948 2...4.

140 2972 168 2993 ²⁷
193 2974 467 3006 ‹tioeeesi1.2.4.
525 2972 822 3015 eatheldrarilsd.
865 2971 904 2991 “²⁵
930 2973 1102 3014 probatis.
1124 2976 1155 3004 2.
1204 2974 1397 3005 Deinde
1427 2973 1542 3013 eligat
1567 2984 1626 3004 om.
1647 2976 1679 3004 5.
1734 2974 1842 3005 domi-

141 3028 221 3070 nus]
239 3029 464 3062 dioecesanus
480 3033 510 3061 2.
523 3032 552 3062 -1,
573 3031 798 3062 Dioccsanus
810 3031 842 3061 3.
858 3030 959 3068 falso.
1009 3028 1036 3048 ²¹³
1055 3028 1197 3071 deinde]
1219 3028 1249 3060 Sc
1269 3032 1297 3060 1.
1319 3031 1451 3061 civium
1470 3039 1576 3060 111111111
1596 3030 1761 3061 idoneum
1780 3040 1843 3061 seu

142 3087 215 3118 2.4.
263 3084 292 3105 ³⁰
309 3086 385 3117 sive
403 3097 478 3128 reg.
496 3098 556 3125 οηι.
575 3090 606 3118 3.
619 3089 649 3118 4.
700 3085 872 3116 iudicarit
889 3087 1002 3116 Α.1.5.
1051 3083 1077 3103 ³¹
1098 3085 1320 3116 constituant
1339 3087 1369 3116 -Ι,
1419 3084 1445 3103 ³²
1464 3085 1600 3116 liabent
1619 3088 1648 3116 4.
1698 3084 1726 3104 3³
1747 3087 1843 3127 quie-

144 3141 227 3183 quid
243 3144 274 3173 5.
322 3139 349 3161 ³⁴
367 3142 476 3174 dil-in
495 3153 561 3174 scr.
582 3145 676 3175 2...4.
726 3140 794 3161 ³¹³5
820 3142 988 3183 redigant
1008 3143 1098 3174 1...5.
1147 3140 1228 3161 ³5⁴··¹
1257 3142 1383 3183 quavis
1456 3141 1592 3183 indign.
1614 3142 1662 3172 ῥίς
1687 3141 1782 3173 habet
1811 3144 1842 3173 2.
