2133 3585
249 420 272 452 §.
283 420 324 448 70.

262 2358 269 2365 .
298 2329 379 2365 ῐ.«Ί(1
411 2335 572 2365 senatum
604 2330 746 2377 scriptae
780 2335 968 2365 testantur.
1027 2330 1088 2366 Eia
1119 2329 1214 2377 agite
1246 2342 1353 2377 crgo,
1385 2335 1420 2365 et
1450 2330 1540 2365 hanc
1571 2330 1833 2377 expeditionem
1863 2330 1969 2365 honis
2000 2329 2050 2365 in-

285 874 297 880 ·
320 876 381 901 ‚ac
412 864 588 899 Pbrnnicia
621 863 661 897 ad
696 863 913 909 triumphum
946 868 1183 897 reservantur.
1244 862 1318 908 Ego
1351 861 1418 896 boc
1449 860 1633 896 divisionis
1666 872 1796 907 genere
1836 871 1921 895 usus
1961 871 2050 900 sum,
2068 869 2109 894 1⁰1

281 1945 293 1953 ”
316 1935 478 1972 ,divinus
511 1935 610 1970 saror
641 1934 828 1969 liberavit?
870 1935 1016 1970 Tantam
1055 1935 1147 1970 cuim
1189 1934 1312 1982 populi
1352 1935 1405 1969 sui
1438 1946 1559 1970 curam
1592 1946 1710 1969 rerum
1743 1934 1898 1970 omnium
1930 1934 2051 1970 mode·
2102 1967 2105 1976 ,

341 231 435 276 262
487 251 664 272 RICIIARDI
687 250 911 271 BARTHOLINI
933 249 1068 271 ORATIO
1088 250 1131 270 DE
1152 248 1400 270 EXPEDITIONE
1421 247 1564 269 CONTRA
1586 247 1725 268 TanAS
1747 247 2000 268 SVSCIPIENDA.

340 357 484 405 spoliati
516 360 655 395 essent,
688 355 748 390 lilii
783 355 853 396 tui,
887 355 1059 402 principis
1091 354 1250 393 maximi,
1285 353 1469 400 suppetias
1492 353 1726 400 implorantes
1747 352 1905 400 propriis
1927 353 2048 401 regnis

340 413 497 449 restituti
536 417 640 450 sunt:
678 411 752 446 Indi
783 423 915 446 sacram
948 412 1099 446 nominis
1131 410 1433 457 nuncupationem
1464 409 1596 444 colunt.
1657 409 1702 444 lla
1743 420 1887 456 operam
1926 409 2048 456 igitur.

338 476 379 505 ut
409 469 680 517 potentissimus
712 479 790 507 rex,
824 468 865 503 ad
896 468 1126 503 maximarum
1158 478 1275 501 rerum
1308 465 1459 512 gloriam
1490 471 1613 505 natus,
1645 466 1806 500 floridam
1837 465 1953 501 aetatis
1975 477 2048 501 suae

338 527 507 561 virtutem
540 526 586 560 ita
618 530 795 561 exerceat,
830 529 869 559 ut
900 524 928 559 si
961 535 1031 559 uon
1066 530 1097 559 te
1130 523 1258 562 maior,
1293 522 1417 557 saltem
1448 534 1513 569 par
1545 528 1579 557 ct
1613 521 1674 556 tibi
1706 528 1742 557 et
1771 521 1948 557 catholico
1985 533 2048 558 avo

339 595 379 618 ae
410 583 502 630 patri
536 581 761 629 praedicetur.
815 580 895 615 iube
917 581 1116 627 Apbricana
1147 579 1252 615 litora
1285 579 1432 613 validius
1464 579 1714 625 aggrediatur:
1747 590 1827 613 nam
1858 578 1948 614 hanc
1978 583 2078 613 ter-5
2121 571 2124 614 ἶ

339 640 424 674 tiam
452 633 554 673 'orbis
587 643 723 684 partem
755 637 795 672 ad
827 648 864 672 se
895 638 1048 672 attinere
1079 648 1181 672 nemo
1214 635 1380 681 ambigit,
1414 647 1474 670 sua
1506 635 1732 670 Caesariensis
1754 634 1962 670 Mauritania
1984 640 2048 674 est,
2122 631 2123 634 ¹

340 707 404 731 sua
434 694 615 733 Numidia,
649 705 711 729 sua
743 693 909 740 ‹piirquid
941 693 1057 740 Libya}
1088 706 1105 729 a
1136 692 1287 739 Neptuni
1320 692 1391 726 aris
1433 691 1474 726 ad
1504 691 1664 737 Magnam
1707 702 1821 737 usque
1853 691 1985 737 Syrtim
2016 696 2052 726 et

340 752 509 799 Cyrenem
542 750 763 789 extenditur;
804 749 871 785 sibi
910 749 1076 797 quicquid
1117 749 1334 784 continentis
1373 748 1467 794 quod
1499 748 1667 795 Libycum
1710 752 1771 783 aut
1800 747 2052 795 AEgyptiacum

341 808 450 843 maria
482 807 748 853 amplectuntur
778 807 819 841 ad
850 805 964 841 Nilum
999 811 1113 852 pati-t:
1154 805 1218 840 sibi
1250 805 1449 851 *EgyptuQ
1489 804 1674 842 Cassiotis‚
1707 804 1843 843 ludrea,
1874 803 2052 839 Palestina

339 932 401 956 vos
433 925 550 955 alitem
582 931 660 954 cum
692 920 832 954 caeteris
865 919 1009 965 regibus
1042 923 1080 952 ut
1118 918 1216 953 lubet
1256 918 1424 953 muudum
1457 918 1606 964 partite:
1649 929 1729 952 nam
1767 921 1864 952 certe
1904 916 1933 951 si
1971 927 2052 953 vera

339 976 539 1013 animorum
569 976 757 1011 concordia
791 976 947 1010 externis
979 975 1166 1022 gentibus,
1201 987 1279 1021 quie
1311 980 1428 1012 vestra
1460 974 1535 1009 iura
1569 980 1637 1009 tam
1669 973 1728 1008 diu
1752 978 1939 1020 occupant,
1972 984 2052 1020 quae

340 1045 401 1068 vos
433 1032 587 1068 abolitos
621 1033 669 1066 irc
701 1032 934 1070 meditantur,
968 1031 1098 1066 bellum
1132 1031 1263 1066 inferre
1295 1031 1498 1070 volueritis,
1542 1042 1621 1076 quae
1663 1036 1732 1065 tam
1765 1034 1900 1065 semota
1931 1029 2051 1065 mundi

338 1089 462 1137 plaga,
496 1100 575 1135 quie
609 1094 676 1123 tam
709 1087 878 1122 bellicosa
911 1088 1029 1122 mundi
1062 1099 1169 1133 gens,
1214 1088 1308 1134 quod
1344 1093 1410 1122 tam
1444 1087 1634 1134 prodigum
1667 1087 1745 1123 vitte
1785 1097 1917 1132 genus,
1956 1086 2050 1133 quod

340 1152 399 1181 tua
432 1144 696 1192 incomparabili
730 1145 777 1178 rei
812 1144 974 1179 militaris
1006 1144 1151 1178 scientia
1184 1156 1224 1179 ac
1255 1144 1386 1179 virtute
1419 1149 1599 1178 tantorum
1640 1154 1764 1189 regum
1803 1155 1843 1177 ac
1880 1142 2050 1178 illustris·
2066 1152 2093 1178 15
2114 1136 2133 1200 μ’

341 1203 510 1237 simorum
544 1201 743 1248 principum
785 1207 927 1235 tuorum
969 1200 1119 1241 auxilio,
1161 1201 1338 1246 potentia,
1382 1199 1562 1235 t'‹elicitate
1602 1199 1738 1234 domari
1780 1199 1942 1246 vincique
1980 1210 2052 1235 non
2114 1209 2117 1256 Ι

2114 1261 2116 1280 l

2114 1344 2115 1367 l

284 1258 483 1305 7¹..possit22
515 1257 586 1291 Dixi
619 1269 684 1303 pro
717 1256 882 1291 libertati·
915 1262 950 1292 et
981 1257 1095 1303 gloria
1127 1257 1334 1292 certainliuu
1366 1268 1465 1295 esse:
1507 1256 1566 1291 sed
1599 1256 1676 1291 hwa
1706 1256 1776 1290 duo
1811 1256 1857 1291 ita
1887 1267 1966 1291 cum
1998 1267 2053 1291 re-

339 1314 473 1359 ligione
505 1318 627 1348 nostra
659 1313 849 1348 coniuncta
882 1319 983 1352 sunt,
1018 1319 1056 1349 ut
1088 1325 1126 1348 ea
1159 1319 1362 1361 contempta
1396 1325 1460 1349 nec
1491 1312 1637 1348 libertas
1660 1324 1723 1347 nec
1745 1311 1860 1359 gloria
1882 1311 1935 1347 vel
1957 1317 2052 1348 stare

341 1371 484 1405 omnino
516 1369 567 1404 vel
601 1370 804 1405 conservari
838 1370 999 1417 possint:
1040 1382 1118 1416 cpia*
1161 1370 1302 1416 quidem
1343 1375 1476 1416 quanto
1517 1374 1727 1406 ‹yzotcrarum
1758 1369 1919 1414 gentium
1950 1368 2052 1404 fidem

341 1426 542 1466 antecellit,
578 1432 675 1461 tanto
708 1427 842 1462 maiore
874 1438 936 1473 spe,
968 1438 1045 1461 esse
1078 1426 1265 1465 debemus,
1306 1427 1411 1461 deum
1451 1427 1624 1473 optimum
1664 1426 1851 1460 maximum
1892 1437 1957 1472 pro
1989 1437 2052 1461 sua
2065 1435 2092 1462 20
2124 1418 2132 1442 ³3¹

340 1483 471 1519 tuenda
504 1482 680 1529 religione
713 1494 815 1529 opem
849 1483 951 1517 nobis
983 1482 1159 1518 laturum:
1193 1494 1263 1518 non
1296 1484 1388 1518 enim
1420 1483 1582 1517 homines
1621 1482 1803 1517 rictoriam
1844 1482 1948 1521 dant,
1992 1481 2053 1517 sed

262 1540 407 1579 .·:.dii‚
441 1539 533 1574 unde
564 1540 756 1574 luunauum
788 1539 966 1586 dependet
996 1551 1121 1586 genus.
1183 1539 1271 1582 Quid
1303 1540 1459 1575 Ionatlne
1499 1539 1656 1574 facinore
1694 1537 1958 1579 adnm-abilius,
1992 1538 2053 1586 qui
2105 1573 2108 1597 ¹

338 1608 409 1631 uno
454 1601 590 1631 tantum
628 1595 798 1631 clientulo
838 1597 1027 1631 comitatus
1067 1608 1127 1631 sex
1165 1596 1272 1631 millia
1310 1595 1581 1631 l'bilistinoriun
1629 1595 1789 1642 equitum
1829 1606 1869 1630 ac
1909 1595 2054 1641 triginta

337 1652 447 1688 millia
485 1664 654 1688 curruum
695 1652 784 1687 l'udit
824 1652 1048 1699 fugavitque,
1099 1665 1137 1687 ac
1177 1653 1291 1687 instar
1329 1653 1471 1688 harena}
1509 1653 1541 1686 in
1590 1652 1694 1686 litore
1739 1651 1847 1687 maris
1893 1651 2050 1687 attrivit?

336 1709 487 1744 Abraain
519 1722 536 1744 a
568 1709 642 1744 suis
674 1709 790 1743 solum
823 1708 1020 1744 vernaculis
1052 1709 1192 1743 adiutus
1225 1714 1381 1755 quatuor
1412 1709 1685 1755 potentissimos
1717 1719 1820 1754 reges
1849 1708 2089 1755 supe1·avit;2-·›
2123 1703 2131 1725 ⁵⁴

339 1777 457 1801 nonne
491 1765 704 1801 lliericuntis
736 1766 884 1803 inwnia,
919 1777 997 1812 qua:
1030 1777 1100 1799 non
1134 1766 1247 1804 ferro,
1280 1777 1351 1800 non
1383 1754 1492 1800 arieti
1517 1765 1635 1812 pervia
1666 1770 1787 1805 erant,
1830 1769 1967 1812 septem
1999 1769 2052 1800 tu-

340 1822 462 1858 barum
494 1822 767 1857 sacerdotalium
800 1833 889 1856 sono
922 1828 957 1857 et
988 1833 1148 1857 consono
1182 1821 1303 1869 populi
1337 1822 1475 1857 ululatu
1505 1833 1697 1864 corruere,
1738 1820 2005 1868 Samarianique
2034 1833 2051 1857 a

340 1878 563 1914 validissimis
596 1878 779 1925 Syrioiaun
819 1878 931 1925 copiis
973 1877 1156 1913 obsessam
1194 1879 1324 1914 Pauico
1367 1883 1504 1913 terrore
1544 1889 1669 1913 eorum
1708 1878 1878 1913 exercitui
1922 1877 2050 1913 iniecto

337 1997 437 2026 rator
468 2004 507 2027 ac
538 1996 659 2026 rector
690 2002 831 2038 semper
862 1991 1006 2032 babuit,
1040 1997 1079 2026 ut
1110 1992 1188 2026 eius
1211 1992 1368 2038 Angelus
1399 1991 1441 2026 de
1472 1990 1563 2027 coelo
1596 1990 1786 2038 aliquando
1819 1991 1940 2038 lapsus
1972 2001 2088 2029 een-30
2127 1994 2129 1996 ’

338 2055 409 2082 tum
441 2053 477 2083 et
509 2047 694 2095 octoginta
725 2047 833 2082 millia
865 2048 1094 2094 Assyriorum
1132 2059 1200 2083 una
1242 2053 1346 2083 nocte
1385 2048 1617 2094 percusserit.
1670 2053 1768 2083 taceo
1807 2047 1912 2083 Iosue
1943 2058 2052 2083 unum

336 2110 372 2139 ct
405 2104 548 2152 triginta
583 2115 686 2149 reges
719 2103 865 2151 superni
898 2104 1055 2139 numinis
1086 2103 1217 2139 auxilio
1251 2104 1486 2139 interfecisse.
1538 2103 1624 2139 illud
1665 2109 1783 2139 autem
1815 2109 1850 2139 et
1880 2104 1923 2139 de
1954 2103 2051 2139 Chri-

336 2161 460 2195 stianis
492 2161 673 2196 memoriae
706 2161 875 2196 traditum
908 2166 983 2202 cst,
1017 2160 1198 2195 Antonino
1230 2160 1424 2196 Commodo
1456 2161 1490 2195 iu
1523 2161 1708 2196 Germania
1749 2165 1931 2208 pugnante
1963 2159 2051 2196 mili-

339 2223 411 2252 tum
444 2216 727 2252 Christianorum
759 2217 944 2263 precibus,
977 2229 1055 2253 cum
1088 2217 1237 2265 penuria
1270 2228 1443 2264 aquarum
1476 2217 1698 2256 laborarent,
1731 2228 1860 2264 aquam
1881 2216 2049 2253 divinitus
2099 2245 2102 2257 ,

338 2285 356 2307 e
386 2273 476 2308 ctrlo
508 2273 671 2313 missam,
702 2273 907 2320 multosque
940 2273 1179 2309 Sarmatarum
1211 2273 1421 2309 fulminibus
1445 2273 1555 2315 ictos,
1588 2273 1701 2320 ipsius
1723 2273 1903 2309 Commodi
1935 2272 2086 2312 literaess
2123 2267 2130 2290 *³

337 2385 463 2421 choate
495 2385 683 2432 auspiciis:
715 2398 794 2420 nam
828 2387 855 2421 si
888 2392 1008 2422 sancte
1040 2387 1170 2434 pieque
1201 2399 1240 2422 ac
1270 2399 1336 2434 pro
1368 2398 1458 2422 verte
1492 2386 1769 2423 immortalitatis
1791 2386 1906 2433 gloria
1928 2386 2048 2422 huius-

336 2442 430 2477 modi
465 2442 593 2477 bellum
627 2442 854 2489 suscipietis,
890 2443 957 2478 alta
988 2449 1161 2478 corruent
1191 2444 1337 2481 msrnia,
1381 2443 1504 2478 hostes
1545 2443 1785 2490 fugabuntur,
1826 2443 1952 2479 cadent
1981 2442 2047 2478 sul·
2098 2445 2099 2470 ἶ

336 2499 448 2538 mina,
490 2499 713 2545 angelusque
753 2498 884 2533 vibrata
918 2499 1059 2535 ccelitus
1092 2500 1271 2546 romphaea
1303 2500 1434 2540 aderit,
1474 2499 1598 2535 fundet
1637 2500 1788 2535 hostiles
1820 2499 1928 2539 acies,
1961 2504 2048 2535 ster·
2098 2491 2100 2500 '

424 2675 436 2695 '2

464 2676 663 2708 coluerunt.
687 2679 718 2707 2.
767 2675 779 2694 ⁴
805 2676 1033 2708 Ferdinando
1060 2679 1096 2708 et
1112 2676 1295 2719 Philippo.
1345 2676 1358 2695 ⁹
1383 2676 1528 2708 Palaest.
1550 2679 1580 2707 2.
1632 2676 1659 2696 ¹⁰
1684 2677 1763 2708 Hoc.
1784 2688 1850 2719 ego
1871 2679 1901 2708 2.
1953 2676 1978 2696 ¹5
1996 2676 2044 2708 fe·
2096 2670 2097 2686 ³

336 2732 394 2763 lic.
415 2736 447 2764 2.
519 2731 545 2753 ¹⁸
572 2731 629 2773 ea]
657 2733 828 2773 religione.
902 2736 1085 2765 contemta
1110 2736 1140 2764 2.
1212 2732 1241 2752 ²⁰
1267 2733 1504 2773 antecellunt,
1533 2736 1565 2764 2.
1636 2732 1664 2752 ²²
1690 2734 1717 2765 Ι.
1738 2734 1876 2775 Regum
1902 2733 1996 2765 XIII.
2014 2732 2043 2764 5.
2096 2741 2097 2746 ¹

337 2787 363 2807 ²³
383 2788 606 2830 phylistinon
616 2791 646 2820 1.
687 2787 715 2808 ²4
734 2800 783 2820 ar.
797 2790 833 2820 in
850 2789 970 2821 littore
982 2790 1014 2820 2.
1055 2788 1083 2808 ²5
1100 2789 1283 2821 Abraham
1296 2793 1326 2821 2.
1348 2789 1584 2821 Genes.XIV.
1633 2789 1662 2809 ²⁶
1681 2789 1931 2821 Hierichuntis
1942 2792 1974 2821 2.
1994 2789 2044 2820 Io·
2094 2806 2095 2833 ς

335 2855 409 2876 suae
428 2844 552 2877 VLQO.
602 2844 631 2864 ²⁷
657 2854 724 2886 que
749 2855 808 2876 om.
829 2847 861 2876 2.
911 2844 938 2865 ²⁵³
965 2845 1011 2877 11.
1031 2846 1169 2888 Regum
1188 2846 1230 2878 X.
1279 2846 1505 2887 Assyriorum
1524 2847 1555 2876 2.
1606 2844 1635 2864 3⁰
1652 2846 1712 2877 lv.
1730 2846 1868 2887 Regum
1885 2846 1981 2877 XIX.
1991 2844 2042 2877 35.

337 2899 359 2919 ³¹
391 2901 531 2932 Iosuam
553 2904 582 2932 2.
610 2902 725 2933 Iosuae
735 2902 796 2932 XI.
813 2901 861 2931 17.
888 2902 968 2933 XII.
982 2902 1101 2944 7.sqq.
1150 2902 1177 2922 ³²
1196 2903 1238 2934 de
1258 2913 1318 2934 om.
1332 2905 1364 2933 2.
1413 2901 1440 2921 ³³
1459 2901 1695 2933 AntonioLZ.
1713 2902 1816 2933 Immo
1834 2902 1958 2934 Marco
1975 2901 2044 2932 An—
2093 2897 2095 2907 ’

337 2957 471 2988 tonino.
500 2958 578 2988 liam
597 2962 715 2989 narrat
736 2958 895 2998 xiphilin.
916 2968 961 2989 em
983 2959 1084 2990 Dione
1105 2958 1331 3001 tixxl.9..s·q.
1351 2969 1416 2989 sua
1435 2959 1513 2989 sine
1539 2958 1648 2989 dubio
1674 2958 1909 2990 Bartholinus
1934 2968 1978 2990 ne
2004 2966 2043 2989 ex

337 3014 414 3055 ipso
434 3014 574 3054 quidem
596 3014 722 3045 Orosio
741 3014 937 3051 (Iust.vll.
953 3014 1021 3052 15.)
1039 3015 1160 3053 habet,
1188 3025 1232 3046 ne
1251 3015 1294 3046 de
1320 3014 1557 3053 Tertulliano,
1589 3015 1756 3054 Eusebio,
1786 3014 1924 3046 Iustino
1941 3015 2041 3045 mart.
2092 3051 2093 3058 ἵ

337 3069 466 3101 dicam.
495 3070 662 3102 ‘Literas'
689 3070 945 3112 suppositicias
972 3081 1050 3103 esse
1070 3071 1236 3113 Scaliger
1261 3071 1532 3103 demonstravit.
1561 3070 1743 3102 cfiReisk.
1763 3071 1807 3102 ad
1824 3069 1960 3112 Xiphil.
1979 3069 2041 3100 Lc.

337 3125 364 3145 ³⁵
390 3124 471 3167 sen]
499 3126 618 3158 missae
644 3128 677 3158 2.
724 3125 797 3145 ³5·³⁷
823 3127 969 3157 incoate
995 3129 1026 3158 2.
1076 3126 1148 3147 ³⁷³5
1172 3124 1344 3169 huiusm]
1372 3126 1440 3158 hoc
1466 3129 1498 3158 2.
1580 3125 1607 3145 ³9
1634 3127 1690 3158 Cf.
1709 3126 1860 3168 Apocal.
1880 3126 1926 3157 ΙΙ.
1948 3125 1997 3157 12.
