2133 3585
262 291 285 316 1.
314 294 460 325 t'rflonmss
480 295 524 315 ως
544 282 620 323 vio)
639 294 774 315 onA'rio
794 293 1018 314 mcclMAHVM.
1039 292 1122 313 Avo.
1144 292 1243 314 vixi).
1264 292 1364 313 rnor.
1384 292 1419 312 M.
1435 291 1517 314 Avo.
1538 291 1570 313 A.
1590 287 1666 315 lats,
1730 272 1816 316 167

126 400 261 437 iurandi
292 399 445 438 cultum,
479 410 549 433 non
582 399 754 434 excedunt
786 399 858 435 baec
890 402 1013 433 vesu-w,
1045 396 1175 431 limites
1216 397 1425 444 potestatis,
1468 408 1536 430 non
1577 396 1707 431 obsunt
1748 397 1818 433 bau·

124 457 309 493 absentum
340 455 507 491 libertati.
570 454 698 490 Tollite
731 455 850 501 itaque
888 465 1022 489 mitras:
1059 464 1203 499 semper
1242 453 1364 488 nocuit
1400 452 1543 487 differre
1582 453 1733 498 paratis:
1774 460 1909 489 aneni.

124 525 195 548 non
227 516 346 560 parata
385 517 467 547 sunt
507 511 623 545 omnia
663 511 704 545 ad
745 510 1004 558 expeditionem
1046 508 1286 548 indicendam,
1328 508 1469 556 quando
1510 519 1670 543 universa
1704 507 1819 542 oblata

123 572 230 604 sunt?
271 569 354 616 quid
386 567 537 614 amplius
568 567 663 602 enim
695 580 712 602 a
742 568 899 602 Romana
928 565 1077 601 ecelesia
1108 564 1283 610 exigitur?
1331 565 1413 611 quid
1455 563 1546 599 ultra
1586 563 1627 599 ab
1666 564 1821 598 externis

95 625 278 673 spetitur,
312 623 452 671 quando
484 634 520 657 se
549 628 583 657 et
615 635 677 658 sua
710 623 826 658 omnia
857 622 1013 658 dedunt?
1045 620 1153 656 leix
1185 620 1324 655 initium
1357 620 1576 656 serenissimi
1599 619 1734 657 Caroli,
1766 632 1820 655 ca—

123 681 244 717 tholici
277 681 389 727 regis,
419 679 592 715 fieliciore
624 691 688 714 nos
719 679 880 727 auspicio
913 678 1046 713 tiabat:
1080 678 1272 712 'furcarum
1303 676 1491 724 imperium
1523 675 1581 711 ille
1602 675 1716 711 adbuc
1737 676 1820 710 ado-

98 736 336 773 lescentulus
368 736 572 783 nuperrime
605 735 639 770 in
671 736 788 771 Africa
819 734 984 773 extinxit,
1016 733 1140 781 pellite
1171 745 1232 768 vos
1262 733 1414 780 Europa.
1452 732 1521 768 Nec
1552 731 1659 778 longe
1691 731 1908 769 absume-212

121 794 266 829 maxima
299 804 448 840 qua-que
480 791 640 838 prwmia:
674 792 805 827 etenim
835 790 998 838 cupidine
1031 789 1155 837 gloria!
1186 789 1285 824 ardet
1322 790 1460 824 animus
1500 800 1679 835 nunquam
1712 788 1821 823 bone-

121 850 228 889 stior,
260 860 439 896 nunquam
472 848 609 883 facilior
648 848 704 883 ad·
729 859 899 883 summam
938 846 1108 893 gloriam:
1149 845 1176 880 si
1216 844 1316 880 vobis
1356 845 1520 892 cupidine
1558 843 1682 891 gloriae
1720 844 1821 879 ardet

80 905 277 945 munimus,
310 905 361 939 via
393 904 491 940 vobis
523 904 655 951 patuit,
686 903 955 951 capessentibus
987 902 1118 949 quippe
1150 901 1332 936 Germanis
1371 900 1630 948 expeditionem
1670 900 1703 934 in
1733 900 1820 934 Tur-

118 974 196 1001 cas,
229 961 258 996 si
290 973 366 1008 quae
397 972 415 996 a
447 960 549 996 nobis
580 961 670 996 dicta
703 965 786 995 sunt
815 960 917 999 frent,
950 970 1114 1006 suprema
1146 970 1206 993 vos
1237 957 1321 992 belli
1353 963 1519 993 auctores
1551 962 1585 992 et
1614 957 1719 992 duces
1742 956 1820 1003 glo-

118 1018 168 1053 ria
200 1022 334 1064 manet;
367 1017 420 1052 sin
453 1028 553 1056 vcro,
588 1017 683 1064 quod
713 1017 799 1052 deus
830 1015 937 1055 nolit,
983 1014 1083 1050 irrita
1122 1026 1199 1050 esse
1230 1013 1434 1060 contingat,
1472 1018 1573 1060 parta
1614 1013 1680 1047 iam
1719 1012 1818 1047 vobis

119 1074 248 1110 indicta
280 1073 505 1121 expeditione
536 1072 650 1119 gloria
682 1072 822 1119 integro
855 1071 947 1119 apud
978 1083 1040 1107 eos
1072 1070 1263 1118 splendore
1294 1069 1445 1117 fulgebit
1477 1068 1575 1104 nullo
1598 1074 1742 1116 accepto
1765 1069 1817 1104 in-

115 1131 315 1166 commodo.
375 1130 410 1165 Si
442 1141 591 1176 regnum
622 1129 824 1177 appetitur,
855 1129 897 1164 de
928 1127 1159 1175 propagando
1190 1131 1308 1162 vestro
1341 1125 1490 1173 imperio
1521 1125 1657 1172 agitum
1689 1126 1717 1160 si
1749 1130 1802 1160 ter
1832 1132 1908 1162 §.zm

76 1201 104 1226 ις,
120 1199 237 1222 rarum
270 1186 368 1222 orbis
401 1197 470 1221 non
502 1185 652 1225 suflicit,
684 1190 846 1233 paratum
878 1184 977 1219 vobis
1008 1196 1025 1219 a
1056 1182 1313 1219 constitutione
1344 1182 1464 1218 mumli
1495 1179 1640 1218 coeleste
1670 1193 1819 1228 regnum

116 1244 235 1283 adest;
268 1243 297 1277 si
329 1243 362 1277 in
395 1242 448 1277 ius
479 1253 584 1277 causa
614 1242 819 1281 deducitur,
852 1240 988 1276 astricti
1019 1235 1202 1287 estis‘pro
1234 1239 1365 1274 Christi
1397 1238 1537 1274 nomine
1569 1250 1608 1273 ac
1648 1238 1713 1272 [ide
1744 1237 1818 1273 bel-

116 1299 187 1334 lum
230 1299 341 1338 inire,
383 1297 668 1345 ‹plainloquidem
700 1298 799 1345 prior
840 1297 914 1344 ipse
955 1308 1014 1331 rex
1055 1308 1179 1342 regum
1220 1307 1341 1331 aereas
1381 1295 1529 1342 proprio
1567 1294 1742 1339 sanguine
1780 1307 1817 1329 ac

115 1367 219 1391 cruce
252 1360 451 1402 potestates
482 1353 694 1393 debellarit,
727 1358 766 1388 ut
799 1365 862 1387 nos
893 1353 935 1387 de
967 1352 1114 1399 perenni
1146 1352 1349 1399 captivitate
1381 1351 1414 1386 in
1437 1350 1637 1386 libertatem
1660 1349 1815 1385 liliorum

114 1412 169 1447 dei
201 1412 363 1462 referret.
424 1410 459 1444 In
492 1421 595 1445 manu
629 1409 740 1456 igitur
771 1414 885 1443 vestra
918 1407 1135 1455 populorum
1166 1407 1311 1443 libertas
1343 1413 1449 1454 atque
1480 1406 1576 1443 salus
1598 1418 1676 1442 cmn
1698 1406 1816 1454 posita
1832 1412 1909 1443 ἔμε-3.

68 1482 101 1507 ‘20
117 1469 184 1511 sit,
218 1467 398 1506 exaudite,
432 1465 676 1513 benignissimi
709 1465 909 1513 principes,
942 1476 1007 1499 nos
1039 1463 1239 1511 apostolico
1272 1464 1413 1499 nomine
1435 1475 1500 1511 pro
1525 1463 1686 1498 universa
1708 1462 1819 1499 eccle-

114 1524 164 1559 sia
204 1523 457 1571 supplicantes.
518 1522 735 1558 miseremini
775 1520 877 1556 simul
919 1526 988 1556 tam
1039 1526 1144 1556 vastae
1190 1519 1429 1555 multitudinis
1474 1519 1607 1566 absque
1652 1519 1818 1566 baptismi

114 1580 227 1627 gratia
259 1580 294 1614 in
324 1584 466 1616 :eterme
498 1579 623 1614 mortis
657 1578 841 1613 interitum
866 1576 1079 1625 praeicipitis:
1113 1576 1141 1611 si
1165 1576 1260 1623 quod
1284 1576 1342 1611 uni
1365 1588 1405 1611 ex
1428 1575 1582 1610 minimis
1604 1575 1651 1610 sit
1674 1576 1815 1613 factum,

69 1631 73 1635 ⁴
114 1636 181 1672 sibi
214 1636 343 1672 factum
374 1640 496 1671 censet
526 1635 690 1670 Clu-istus
721 1634 903 1673 dominus,
937 1633 1061 1680 quanti
1093 1633 1269 1668 facturum
1302 1632 1435 1679 putatis
1468 1631 1566 1666 illum
1599 1632 1693 1678 quod
1715 1631 1818 1667 innn-

83 1696 91 1708 ³
114 1692 218 1728 meris
250 1692 324 1727 suis
363 1691 523 1727 ecclesiis
562 1697 632 1726 tam
671 1691 796 1738 ingens
838 1689 1044 1725 beneficium
1085 1688 1253 1735 collatum
1290 1689 1410 1724 fuerit.
1480 1687 1667 1724 Vobiscum
1707 1687 1910 1733 iginii-§.zm

68 1749 198 1796 25⁴[11ii1
229 1748 355 1796 partiri
387 1760 490 1783 curas
522 1753 557 1783 et
589 1759 707 1783 rerum
740 1746 868 1781 molem
900 1758 1059 1781 summus
1090 1739 1220 1780 Christi
1253 1745 1368 1780 ovium
1402 1749 1523 1792 pastor
1545 1744 1744 1791 (lesyderat,
1777 1744 1818 1779 ab

115 1806 277 1852 utrisque
311 1816 374 1852 par
406 1810 459 1839 est
490 1810 529 1839 ut
560 1815 642 1839 oves
673 1808 911 1851 protegantur
941 1807 976 1837 ct
1007 1801 1080 1849 lupi
1112 1806 1316 1840 arceantur,
1349 1800 1391 1836 ab
1424 1800 1484 1836 illo
1515 1812 1639 1840 cruce,
1673 1813 1690 1835 a
1719 1800 1819 1835 vobis

113 1861 256 1908 gladio,
291 1873 361 1908 quo
395 1860 460 1896 sub
494 1866 644 1908 utraque
676 1859 901 1908 protectione
933 1858 1089 1904 quietam
1121 1863 1157 1894 et
1187 1857 1415 1905 tranquillam
1438 1857 1543 1892 vitam
1567 1857 1817 1904 transigamus.

913 1925 1015 1952 nixt.

201 2050 214 2070 2
233 2050 437 2082 absentium
455 2052 485 2080 5.
499 2049 560 2080 Bz.
580 2047 709 2088 „Tolle
729 2057 864 2079 moras:
884 2057 1025 2088 semper
1043 2047 1166 2078 nocuit
1184 2046 1328 2078 differre
1347 2045 1524 2088 paratis“.
1544 2047 1681 2077 Lucan.
1695 2044 1817 2076 lers.

111 2109 140 2140 Ι.
159 2106 235 2139 281.
283 2106 295 2127 3
323 2117 426 2148 quum
447 2108 477 2136 4.
505 2104 685 2146 (ignorauit
705 2104 785 2146 quid
801 2107 888 2135 essee
909 2101 973 2144 qi‘i)
1038 2102 1109 2134 obl.
1129 2103 1190 2134 Bz.
1219 2103 1344 2134 ablata
1362 2107 1438 2134 cell.
1503 2101 1515 2119 5
1541 2103 1589 2144 qfi
1606 2104 1635 2132 1.
1664 2111 1768 2142 quum
1786 2104 1818 2133 5.

111 2164 326 2196 dederunt5.
375 2162 480 2193 Felix
492 2162 553 2193 Bz.
603 2160 643 2180 Μ
662 2160 836 2192 catholici
854 2171 914 2191 0111.
927 2160 987 2191 liz.
1037 2159 1049 2178 ⁷
1067 2159 1267 2200 Aphriea2.
1295 2158 1351 2189 Cf.
1362 2158 1405 2190 de
1419 2158 1488 2189 hac
1504 2158 1659 2189 victoria
1674 2157 1718 2188 ad
1729 2158 1816 2188 For-

110 2223 184 2253 tun.
202 2220 233 2259 §.
250 2219 315 2258 77.‚
342 2218 427 2250 item
445 2229 478 2260 p.
503 2216 573 2248 161.
594 2228 626 2248 v.
646 2216 699 2249 31.
720 2220 756 2248 et
774 2216 869 2247 infra
896 2216 938 2246 ad
958 2215 1157 2246 Bartholin.
1177 2214 1362 2246 adnotata.
1413 2215 1571 2246 extincto
1590 2215 1712 2245 Horuc
1730 2214 1817 2245 Bar-

111 2277 271 2308 barossa.
336 2273 492 2316 Europa]
519 2276 541 2305 i.
560 2285 587 2306 e.
605 2284 648 2305 ex
665 2274 706 2304 E.
772 2273 902 2304 adsunt
923 2272 980 2302 l›’:.
1053 2273 1065 2287 ³
1084 2271 1217 2302 etenim
1236 2281 1265 2302 c.
1286 2270 1334 2311 gl.
1354 2270 1427 2302 ard.
1449 2267 1602 2311 animus]
1624 2270 1818 2300 Enimuero

113 2333 173 2364 Bz.
236 2331 295 2351 9⁰¹⁰
320 2331 350 2362 si
368 2324 499 2363 vobsc.
520 2330 567 2371 gl.
588 2329 662 2361 ard.
684 2329 823 2360 animus
848 2340 893 2359 eni·
911 2339 972 2358 mm
993 2328 1054 2361 l›‘:,
1128 2326 1150 2346 ¹¹
1177 2337 1240 2359 vos
1259 2327 1320 2358 Bz.
1363 2336 1425 2358 nos
1451 2330 1527 2358 vett.
1599 2324 1625 2345 ¹³
1655 2326 1691 2356 in
1718 2325 1817 2356 dieta

111 2389 175 2420 Bz.
247 2386 273 2407 ¹5
304 2387 432 2418 Matth.
459 2387 566 2417 XXV.
593 2386 645 2417 34.
720 2384 745 2403 ¹⁶
781 2384 948 2415 adstricti
973 2387 1004 2415 5.
1079 2382 1103 2403 ¹³
1134 2383 1268 2425 phenni
1295 2385 1324 2413 I.
1398 2381 1423 2401 ¹²³
1455 2406 1462 2413 .
1482 2381 1635 2424 Applico
1661 2384 1692 2413 5.
1727 2383 1817 2422 <seit

112 2444 263 2486 ,Apl'ico
283 2443 327 2482 1.)
396 2442 422 2462 ²¹
450 2446 523 2474 tam
542 2443 603 2474 Bz.
632 2442 703 2472 ium
722 2445 798 2471 cell.
870 2439 897 2459 22
923 2440 1047 2481 siquid
1065 2443 1096 2471 5.
1124 2440 1216 2481 quod
1235 2439 1300 2470 Bz.
1328 2438 1411 2479 quid
1428 2442 1506 2469 cett.
1578 2439 1639 2469 uni
1659 2449 1701 2470 ex
1719 2437 1815 2479 min.]

112 2500 239 2532 Matth.
259 2500 367 2531 XXV.
386 2498 439 2531 40.
501 2497 529 2517 ²5
556 2497 667 2529 desid.
688 2497 832 2528 2.5.B:.
896 2495 923 2515 ²s'
949 2507 1014 2538 par
1040 2495 1106 2538 est]
1133 2507 1206 2538 prae
1234 2498 1287 2527 est
1313 2497 1385 2527 1.5.
1450 2492 1572 2538 cruce]
1600 2494 1817 2534 „Germanis

113 2556 383 2587 conferentibus
409 2555 579 2595 decimas,
607 2554 811 2590 vicesimam
840 2553 1168 2594 quinquagesimas,
1195 2552 1365 2584 Pontifex
1391 2551 1508 2581 crucis
1526 2550 1817 2582 benedictionem

113 2613 278 2654 papalem
311 2612 490 2648 conferet,
530 2610 641 2643 salvis
680 2610 750 2641 sibi
790 2609 950 2647 annatis,
991 2609 1114 2651 palliis
1152 2608 1305 2649 aliisque
1336 2607 1520 2638 immensis
1553 2607 1816 2645 exactionibus,

112 2669 346 2710 pensionibus
380 2670 415 2699 et
440 2667 636 2698 innumeris
668 2665 963 2708 prwstationibus
994 2665 1224 2696 nihilominus
1251 2664 1392 2695 interim
1418 2664 1566 2694 Romam
1592 2663 1819 2694 deferendis:

113 2724 154 2756 de
189 2725 316 2766 quibus
349 2725 385 2756 in
418 2724 486 2756 fine
521 2723 683 2764 catalogi
708 2723 930 2753 Annatarum
959 2720 1052 2752 1523.
1080 2722 1116 2752 in
1142 2720 1330 2752 conventu
1355 2720 1579 2758 Norimbergs.
1606 2719 1819 2760 propositi“.

115 2782 263 2812 (ioldast.
299 2781 423 2820 „Satis
458 2783 565 2822 puto⁷'
598 2780 689 2810 dixit
713 2776 896 2809 Hnttenus
923 2777 1059 2808 exhort.
1079 2779 1203 2808 contra.
1227 2777 1333 2807 'l'urc.
1353 2779 1382 2815 ξ.
1406 2775 1478 2807 187.
1507 2776 1561 2815 „si
1590 2775 1733 2815 exigere
1760 2774 1817 2806 hic

114 2837 182 2877 ipsi
207 2839 410 2868 vetentur&
481 2836 508 2856 ²³²¹
534 2837 619 2868 Dixi
636 2847 695 2867 mn.
718 2835 776 2865 l›’:.
805 2834 972 2874 Sequitur
1004 2833 1200 2874 responsio.
1233 2834 1312 2863 add.
1331 2834 1360 2865 2.
1402 2832 1556 2862 Bzovius
1583 2831 1696 2862 adicit
1728 2831 1815 2869 „Di-

115 2892 246 2923 cebant
277 2893 348 2924 ista
371 2893 571 2934 Apostoliei
598 2892 727 2931 Legati
754 2891 788 2920 in
815 2899 987 2921 consessu
1012 2889 1217 2930 Principum
1241 2888 1462 2928 Augustano.
1503 2888 1703 2918 Secundum
1737 2888 1814 2918 baec

114 2948 351 2979 exbibuerunt
375 2949 606 2990 Principibus
625 2946 933 2978 Consultationem
955 2946 1150 2976 Romanam
1178 2945 1255 2976 istis
1281 2945 1401 2976 verbis
1429 2946 1674 2985 r()11eeptu111''.
1701 2944 1816 2985 sequi-

113 3008 170 3035 tur
196 3004 421 3036 Consultatio
447 3015 554 3046 supra
580 3016 612 3046 p.
636 3004 706 3036 tto.
725 3013 799 3043 sqq.
820 3001 994 3033 exhibita.
