2133 3585
398 621 564 653 Libellus
591 624 736 653 constat
761 620 859 652 foliis
884 621 927 651 22
953 621 989 652 in
1015 619 1072 659 4⁰„
1102 630 1249 661 quorum
1276 619 1394 651 altera
1420 622 1455 650 et
1478 619 1606 651 ultima
1631 620 1776 661 paginae
1804 631 1824 652 a
1842 621 2022 663 scriptura

308 682 464 718 vacant,
491 680 647 720 signatae
667 680 749 708 sunt
766 675 922 719 plagulae
946 677 1080 708 litteris
1098 676 1241 717 ἓωῖεἶς
1261 675 1405 718 prodiit,
1432 679 1471 707 ut
1495 677 1532 707 in
1550 675 1620 707 fine
1639 676 1716 717 ipse
1735 676 1923 717 indicavit,
1951 677 2021 709 Au-

311 740 427 778 gustae
452 735 722 766 Vindelicorum
750 744 781 765 a.
804 732 899 765 1518.
951 734 1038 765 Cum
1064 734 1216 775 primum
1243 743 1322 763 eum
1347 732 1535 773 legissem,
1571 733 1695 764 statim
1728 733 1822 776 apud
1853 745 1909 766 me
1936 744 2023 766 con-

311 793 413 825 stitui
440 793 484 824 iis
512 802 589 834 quae
618 791 663 822 ad
687 791 842 822 Hutteni
874 791 917 822 de
944 790 1100 822 Turnieo
1132 789 1227 821 bello
1254 789 1410 820 ineundo
1436 790 1637 820 orationem
1674 790 1937 822 inlustrandam
1965 801 2023 822 ex-

310 849 564 892 plicandamve
590 848 627 878 in
651 847 720 879 hoc
746 851 906 879 nostrum
934 847 1134 888 exemplum
1161 845 1374 888 recipienda
1398 848 1537 885 essent,
1565 846 1743 889 integrum
1765 847 1926 879 adicere:
1953 857 2025 879 non

310 910 383 938 tam
412 916 455 937 ea
481 906 523 936 de
551 914 662 936 causa
689 904 780 945 quod
807 904 837 935 is
863 914 988 945 parum
1020 908 1126 934 notus
1160 906 1444 944 comparatuque
1477 902 1640 935 difficilis
1672 906 1727 935 est
1758 906 1853 943 (nam
1884 903 1956 935 nisi
1986 903 2025 935 in

311 962 540 995 Schelhornii
567 961 807 993 amoenitatib.
834 960 917 992 hist.
939 960 1030 994 eccl.
1050 963 1086 991 et
1102 959 1187 991 hist.
1207 960 1254 992 II.
1273 971 1307 1002 p.
1327 958 1402 991 661.
1423 962 1458 991 et
1481 959 1637 991 Panzeri
1664 960 1859 992 annalibus
1883 960 2026 991 littera-

312 1023 402 1051 turae
430 1019 655 1051 Germanicae
680 1018 740 1050 vix
766 1018 958 1049 memorari
983 1015 1159 1058 memini),
1188 1027 1293 1058 quam
1310 1020 1505 1058 propterea
1523 1016 1615 1057 quod
1633 1016 1747 1048 multa
1764 1017 1929 1049 continet
1946 1027 2024 1058 quae

316 1077 359 1108 ad
385 1075 575 1108 historiam
600 1074 846 1106 memorabilis
871 1074 968 1105 illius
995 1077 1193 1106 conventus
1218 1074 1460 1115 Augustensis
1477 1073 1622 1115 plenius
1640 1074 1930 1116 cognoscendam
1946 1084 2024 1115 per-

313 1134 448 1170 tinent,
476 1132 605 1174 quibus
631 1132 740 1163 etiam
766 1131 914 1162 nomina
941 1140 1061 1162 eorum
1088 1131 1148 1171 qui
1175 1134 1439 1168 convenerant,
1473 1130 1502 1161 si
1530 1132 1628 1161 recte
1661 1130 1882 1169 iudicamus,
1915 1130 2026 1162 adnu-

315 1190 562 1227 merabuntur,
592 1199 633 1220 ac
659 1191 807 1230 propter
831 1198 967 1219 morum
992 1187 1277 1228 festivorumque
1309 1187 1493 1227 ludorum,
1531 1187 1658 1228 quibus
1691 1187 1772 1218 istis
1804 1187 2027 1229 temporibus

315 1246 525 1288 gaudebant
551 1245 833 1287 gaudebuntque
860 1244 1029 1275 similiter
1062 1254 1206 1286 semper
1237 1244 1265 1274 ii
1297 1244 1453 1274 maxime
1488 1244 1547 1285 qui
1583 1244 1657 1274 nisi
1691 1246 1754 1274 aut
1788 1243 2027 1275 ecclesiarum

315 1306 506 1343 magnates
533 1305 595 1333 aut
619 1302 735 1333 nobili
759 1301 840 1332 loco
866 1302 946 1332 nati
973 1301 1154 1332 divitesve
1182 1303 1324 1337 essent,
1358 1311 1439 1331 raro
1472 1301 1569 1332 inter
1593 1302 1767 1342 primores
1792 1299 2025 1340 haberentur,

315 1359 516 1401 simplicem
535 1359 803 1400 innocuamque
818 1358 1112 1400 descriptionem.
1154 1357 1436 1397 Haselbergium
1447 1356 1644 1399 (Lagorum
1658 1368 1700 1389 eo
1714 1360 1875 1399 tempore
1891 1356 2028 1388 doctio-

315 1427 371 1448 res
397 1418 609 1453 vocassent,
636 1415 668 1447 si
694 1426 737 1447 ex
760 1416 919 1457 ipsorum
944 1425 1093 1446 numero
1120 1414 1264 1453 fuisset)
1291 1424 1361 1445 non
1388 1414 1652 1455 redemptorem
1672 1414 1893 1446 editoremve
1911 1413 1975 1445 sed
1993 1415 2030 1445 et

315 1473 581 1515 conpositorem
607 1472 712 1504 huius
738 1471 997 1513 descriptionis
1024 1471 1153 1509 fuisse,
1184 1470 1292 1501 aliter
1324 1473 1432 1511 atque
1464 1471 1627 1502 Panzero
1659 1471 1775 1502 visum
1808 1473 1881 1507 est,
1914 1470 2029 1512 ipsius

316 1531 361 1562 ad
385 1529 657 1573 Margaretham
684 1529 841 1561 Austriae
867 1528 995 1569 scripti
1026 1527 1165 1569 prologi
1197 1526 1309 1559 verba
1341 1527 1532 1559 ostendere
1564 1531 1661 1569 puto.
1711 1527 1884 1559 Eiusdem
1919 1527 2029 1559 etiam

316 1588 477 1619 auctoris
502 1585 649 1617 libellus
675 1596 696 1617 a
723 1585 761 1616 C.
782 1585 864 1617 Chr.
884 1584 1058 1616 Hirschio
1084 1583 1212 1625 (libror
1283 1583 1511 1615 Millenarius
1530 1584 1575 1615 II.
1594 1584 1719 1616 Norib.
1740 1582 1837 1615 1748.
1855 1583 1902 1615 4⁰.
1929 1595 1962 1626 p.
1973 1582 2028 1615 66.

315 1642 512 1675 num.709.5
532 1644 750 1674 memoratur
775 1641 853 1672 hic:
880 1640 968 1673 utut
994 1640 1159 1681 „Bcitunffi
1185 1641 1258 1678 und)
1284 1640 1395 1681 nestun
1419 1645 1472 1673 bct
1489 1639 1575 1673 mett
1602 1641 1665 1673 niel
1685 1640 1809 1674 mutina
1835 1639 2030 1681 betteffemse,

315 1701 387 1739 aud)
420 1708 484 1733 nun
514 1704 569 1732 ber
593 1700 769 1739 &autumna
792 1702 846 1730 nrt
878 1695 1118 1739 &prumtisrbcu
1152 1694 1328 1737 mithens,
1359 1697 1409 1729 ῖιίέ
1441 1707 1472 1729 ει·
1504 1697 1625 1737 nculid)
1657 1697 1834 1738 [umanum.
1869 1697 1949 1739 sumt
1977 1701 2030 1730 uer

316 1756 473 1796 ζΒιιΙῑιιιηῐἹ
500 1756 617 1797 finiftr
642 1753 851 1795 cfritherium,
873 1759 948 1794 ber,
975 1756 1025 1786 uls
1051 1762 1127 1786 mnu
1155 1752 1239 1793 fuat,
1266 1752 1328 1791 auf
1344 1753 1492 1793 OErnrcid)
1517 1755 1670 1793 verlohru
1689 1754 1742 1794 [ult
1760 1753 1851 1794 scon,
1879 1754 1936 1787 mie
1954 1762 2030 1786 mun

317 1817 382 1846 ιιηῑι
408 1812 627 1854 mclcbrrgftutt
661 1821 692 1844 er
724 1811 834 1844 wither
869 1811 1017 1844 hominen
1051 1811 1104 1853 [ult
1128 1818 1166 1842 tc.
1197 1810 1290 1849 hurd)
1323 1807 1400 1849 Βοὴ.
1434 1809 1626 1851 §astituri-uk
1656 1818 1720 1843 nun
1745 1809 1939 1851 Reidnnmn.
1981 1809 2029 1841 4⁰.

316 1869 538 1902 Falleretur.
567 1869 709 1910 opinor,
739 1868 852 1909 siquis
877 1867 972 1898 hunc
998 1865 1236 1907 bibliopolam
1262 1866 1437 1897 Ioannem
1462 1866 1745 1909 Haselbergium
1773 1877 1815 1898 ex
1834 1866 1954 1909 Augia
1979 1866 2031 1897 di-

316 1927 389 1957 vite
417 1925 579 1957 eumdem
607 1935 687 1956 esse
713 1927 860 1966 putaret
886 1934 964 1955 cum
982 1924 1029 1955 M.
1049 1922 1211 1954 Iohanne
1232 1922 1507 1964 Hasenbergio,
1534 1923 1710 1962 Bohemo,
1739 1924 1840 1955 cuius
1859 1923 1927 1955 duo
1945 1923 2032 1955 scri-

315 1985 379 2024 pta
404 1981 684 2013 Antilutherana
711 1992 743 2012 a.
765 1979 861 2012 1528.
883 1980 981 2012 edita
1006 1983 1183 2011 memorat
1207 1979 1399 2012 Hirschius
1424 1979 1610 2011 Millenar.
1634 1980 1695 2011 IV.
1721 1991 1756 2022 p.
1773 1979 1827 2011 46.
1847 1978 2031 2011 num.584.

316 2038 393 2070 585.
412 2055 457 2061 κ
474 2038 643 2069 Ceterum
663 2037 761 2069 nullo
787 2048 867 2069 meo
896 2037 1071 2079 prooemio
1098 2039 1182 2078 eget
1206 2036 1266 2068 hic
1292 2036 1386 2068 liber
1412 2047 1517 2078 quem
1535 2036 1691 2068 sublatis
1710 2039 1849 2068 tantum
1866 2047 1938 2069 non
1954 2035 2034 2067 nul-

316 2096 361 2127 lis
389 2095 632 2137 apertissimis
659 2094 838 2136 operariis
864 2093 1004 2125 mendis
1029 2104 1075 2124 ne
1100 2093 1395 2135 interpunctione
1424 2093 1565 2134 quidem
1593 2103 1699 2135 quam
1723 2103 1896 2125 vocamus
1915 2102 2034 2125 emen—

316 2153 402 2183 data
427 2151 663 2193 repetendum
689 2151 832 2182 curavi:
866 2161 948 2181 nam
983 2160 1130 2191 quorum
1163 2150 1317 2182 interest
1341 2150 1524 2182 nominum
1550 2151 1773 2192 propriorum
1798 2153 1873 2182 tam
1898 2150 2033 2193 princi-

316 2211 482 2251 patuum,
511 2208 761 2246 comitatuum,
791 2207 1014 2245 civitatium,
1043 2206 1273 2238 abbatiarum
1300 2217 1342 2237 ac
1360 2207 1658 2239 monasteriorum
1677 2217 1781 2249 quam
1800 2216 2034 2249 personarum

317 2268 506 2306 corruptas
539 2265 673 2296 formas
706 2264 892 2295 emendari
926 2267 987 2294 aut
1020 2263 1064 2294 ab
1098 2266 1247 2294 auctore
1273 2253 1407 2295 omis'sa
1432 2263 1598 2305 siglaque
1624 2262 1666 2297 ss.
1693 2263 1857 2295 indicata
1884 2262 2032 2305 expleri,

319 2320 429 2353 facile
456 2321 481 2351 ii
507 2331 589 2351 mea
614 2330 724 2362 opera
750 2320 944 2360 carebunt,
977 2319 1128 2361 reliquis
1161 2322 1282 2350 autem
1315 2320 1418 2351 huius
1452 2308 1572 2362 operis
1597 2319 1796 2352 lectoribus
1821 2330 1865 2351 ne
1891 2318 2035 2361 longior

320 2378 525 2417 adnotatio,
558 2376 616 2408 vel
643 2378 673 2408 si
699 2377 769 2408 mei
795 2377 955 2408 instituti
980 2377 1073 2408 ratio
1101 2375 1311 2408 admitteret
1337 2387 1436 2416 eam,
1470 2377 1549 2408 sine
1576 2387 1647 2418 qua
1670 2376 1732 2408 hic.
1759 2375 2034 2408 commentario-

318 2434 372 2466 lus
399 2434 610 2466 adcuratius
636 2434 818 2465 recenseri
846 2434 904 2465 vix
929 2433 1060 2474 possit,
1087 2432 1275 2464 molestior
1300 2443 1405 2475 qnam
1430 2433 1555 2465 utilior
1579 2433 1674 2464 foret
1697 2431 1805 2464 valde
1830 2441 1970 2464 vereor.

409 2502 498 2544 Pag.
517 2501 594 2533 ⁶285.
613 2512 645 2533 v.
665 2500 719 2532 41.
746 2502 782 2532 in
810 2500 926 2533 altero
954 2499 1153 2542 exemplari
1181 2503 1236 2531 est
1263 2500 1372 2543 lenss,
1399 2501 1436 2532 in
1461 2501 1575 2533 altero
1603 2499 1702 2541 (ἔόῑεβ,

448 2583 468 2599 „
519 2556 596 2590 286.
616 2569 647 2589 ν.
669 2556 722 2589 34.
751 2582 773 2598 „
848 2582 870 2597 ,‚
1046 2582 1069 2598 „
1198 2581 1221 2596 ,‚
1263 2557 1426 2600 Ξῖωῖιεηῐεε.
1453 2557 1490 2589 in
1517 2557 1631 2589 altero
1655 2555 1845 2597 Unncrnset.
