2133 3585
718 755 773 780 AD
797 753 1119 779 INVICTISSIMVM

465 815 828 846 MAXIMILIANVM
854 813 1091 844 CAESAREM
1115 812 1371 844 AVGVSTVM

328 870 623 916 TRANQVILLI
652 870 917 910 PARTHENH
948 869 1213 908 ANDRONICI
1252 869 1500 908 MLMATAE

795 942 1042 975 EPISTOLA.

36 1029 51 1053 5
161 1024 406 1062 Consideranti
438 1027 539 1067 mibi,
579 1027 694 1064 Czesar
723 1027 901 1072 Auguste,
934 1025 1014 1061 hinc
1046 1025 1124 1061 odia
1156 1025 1437 1060 Christianorum
1469 1024 1693 1072 Principum,
1726 1030 1766 1060 ut

65 1081 165 1127 quasi
196 1084 328 1117 mutuis
361 1084 538 1119 interituri
571 1083 775 1119 vulneribus
806 1082 839 1117 in
871 1094 1011 1117 arenam
1042 1082 1254 1117 descendere
1285 1082 1487 1119 videantur,
1523 1081 1620 1117 illinc
1640 1081 1766 1117 debac—

62 1131 250 1173 chantibus
273 1139 489 1175 Tliurearum
522 1140 664 1180 animis,
697 1140 856 1186 adeoque
888 1139 922 1173 in
954 1144 1113 1174 nostram
1145 1138 1335 1186 perniciem
1368 1138 1610 1177 inflammatis,
1644 1143 1682 1172 ut
1714 1138 1765 1173 iu-

65 1198 118 1228 ter
148 1206 210 1229 eos
242 1195 423 1232 decretum
462 1197 507 1233 sit
543 1197 585 1231 de
625 1196 812 1231 excidenda
853 1195 1033 1242 republica
1065 1195 1279 1235 Christiana,
1320 1194 1493 1241 optimum
1530 1206 1612 1229 sane
1652 1194 1764 1230 visum

62 1254 135 1289 est,
175 1262 247 1290 me,
287 1252 342 1287 cui
384 1253 516 1288 utinam
557 1258 651 1288 tanta
682 1252 855 1287 acerbitas
887 1252 1001 1286 minus
1040 1256 1240 1291 esmstaret,
1279 1251 1407 1298 partim
1439 1251 1531 1286 vires
1562 1264 1601 1286 ac
1632 1251 1763 1286 rabiem

25 1307 378 1342 ¹0truculentissimas
418 1310 534 1354 gentis
574 1315 653 1343 tuos
685 1308 878 1344 Germanos
918 1308 1086 1347 edocere,
1132 1308 1260 1355 partim
1302 1307 1491 1343 ostendere
1529 1307 1763 1343 neeessariam

60 1373 137 1397 esse
168 1369 293 1398 eontra
325 1365 481 1400 Tliureas
513 1364 793 1412 expeditionem,
835 1364 893 1410 qui
934 1363 1092 1411 alioquin
1132 1364 1248 1399 omnia
1288 1363 1539 1403 devastabunt,
1580 1362 1648 1398 nisi
1680 1364 1764 1399 Ger-

60 1430 244 1454 manorum
275 1420 407 1456 vir-tute
439 1421 690 1468 reprimantur.
750 1421 844 1456 Ilanc
877 1421 996 1467 itaque
1028 1420 1224 1455 orationem
1265 1426 1333 1455 tow,
1366 1420 1538 1455 Maiestati
1578 1420 1762 1465 legendam

59 1474 329 1511 venerabundus
362 1477 492 1517 offero,
533 1478 579 1512 Te
611 1477 893 1512 Christianorum
936 1477 1135 1524 principum
1176 1483 1283 1523 caput
1314 1489 1352 1512 ac
1382 1476 1618 1512 certissimum
1652 1482 1762 1511 terra-

60 1542 135 1565 rum
170 1543 297 1568 numen
329 1538 435 1581 atque
469 1533 634 1573 tutelam,
668 1535 804 1572 Czesar‚
839 1533 1030 1569 obsecrans
1063 1533 1340 1580 obtestansque,
1374 1538 1411 1568 ut
1443 1533 1559 1567 ruenti
1592 1532 1671 1568 fidei
1703 1534 1763 1568 Ca-

21 1587 200 1624 15tliolicae
230 1594 368 1624 mature
397 1590 580 1626 consulas:
613 1591 659 1625 Te
692 1602 813 1625 onmes
844 1596 1039 1636 seqmmtur
1059 1590 1260 1637 Principes,
1294 1595 1331 1625 tu
1364 1589 1415 1624 vel
1447 1588 1523 1624 sola
1556 1593 1614 1623 tua
1636 1589 1765 1624 floren·

58 1644 193 1679 tissima
225 1644 408 1681 Germania
440 1652 475 1682 et
507 1659 699 1694 oppressos
730 1646 947 1682 liberaturus
979 1658 1016 1681 es
1037 1646 1277 1685 Christianos,
1310 1652 1345 1681 et
1377 1657 1514 1681 omnem
1547 1645 1763 1681 imminentis

57 1699 266 1736 calamitatis
299 1708 429 1737 metum
462 1703 711 1750 dissipaturus.
772 1703 841 1738 llae
884 1703 936 1738 via
978 1702 1150 1750 imprimis
1192 1703 1240 1737 tui
1273 1703 1430 1739 Caesares
1470 1702 1561 1736 inter
1591 1702 1677 1737 deos
1710 1714 1764 1738 re-

56 1757 149 1803 cepti
183 1762 283 1797 sunt,
325 1758 378 1792 bis
412 1766 447 1794 tu
479 1760 665 1794 summotis
697 1759 883 1806 periculis,
924 1771 995 1806 quo
1027 1759 1112 1795 tides
1143 1765 1265 1794 nostra
1297 1764 1351 1795 est
1383 1759 1500 1795 verior
1530 1763 1565 1793 et
1596 1759 1762 1798 sanctior,

57 1824 98 1847 eo
130 1814 262 1849 certius
295 1822 387 1850 reeta
428 1817 461 1850 in
499 1815 626 1851 coelum
665 1827 703 1851 es
738 1815 957 1851 evolaturus.
1018 1815 1110 1851 Vale.
1181 1817 1351 1863 Augustae
1382 1813 1658 1851 Vindelicorum.
1691 1815 1761 1861 viij.

31 1868 130 1904 0Cal.
154 1869 201 1905 Iu.
223 1870 420 1907 Mlixvm.

825 2039 1003 2070 ORATIO

313 2100 608 2146 TRANQVILLI
646 2098 913 2140 PARTHENII
950 2100 1218 2140 ANDRONlCl
1257 2100 1505 2139 DALMATAE

689 2168 878 2200 CONTRA
910 2168 1130 2199 THVHCAS

625 2225 688 2255 AD
716 2225 975 2256 GERMANOS
1001 2225 1191 2256 HABITA.

34 2317 49 2341 5
175 2305 392 2353 Quamquam
431 2307 503 2342 seio
543 2306 694 2342 multum
736 2306 941 2342 aeerl‘vitatis
980 2307 1021 2341 ad
1060 2318 1173 2341 meum
1212 2305 1372 2341 dolorem
1413 2318 1637 2342 accessurum
1669 2309 1831 2347 esse,§.¹.

64 2361 248 2397 fortissimi
271 2362 445 2402 Germani,
477 2364 505 2397 si
528 2363 707 2411 ingentem
731 2363 1067 2398 iminanissimorum
1091 2362 1307 2397 Tliurearum
1332 2363 1525 2410 potentiam
1548 2364 1681 2399 referre
1703 2376 1762 2398 vo-

56 2417 178 2458 luero,
211 2420 339 2466 partim
372 2420 464 2467 quod
497 2431 613 2455 meum
647 2431 769 2455 reeens
800 2424 908 2466 atque
938 2419 1186 2466 gravissimum
1218 2418 1461 2454 vulnus'mibi
1492 2420 1560 2467 ipsi
1592 2420 1760 2455 refricare

56 2485 240 2510 necessum
273 2481 344 2514 est,
377 2476 506 2523 partim
538 2476 643 2512 etiam
678 2475 919 2522 magnitudine
952 2475 1168 2511 imminentis
1199 2475 1429 2516 calamitatis,
1463 2488 1505 2511 ne
1536 2477 1647 2512 dicam
1670 2477 1761 2512 exci-

55 2530 101 2566 dii
133 2531 338 2578 reipublicae
369 2532 598 2573 Christianae,
639 2532 705 2567 nisi
737 2533 824 2567 deus
863 2533 1020 2580 optimus
1051 2532 1223 2568 maximus
1263 2537 1395 2568 tantam
1436 2533 1573 2568 ruinam
1613 2537 1759 2571 avertat..

39 2587 223 2635 impellat,
264 2589 496 2628 exterminet,
540 2595 656 2624 tamen
696 2600 809 2636 neque
847 2589 1003 2636 propriis
1035 2588 1203 2636 periculis
1234 2600 1273 2624 ac
1303 2589 1469 2625 diuturna
1501 2588 1675 2624 malorum
1706 2601 1760 2625 se-

54 2643 122 2683 rie,
155 2655 269 2691 neque
299 2645 545 2681 communibus
576 2645 829 2684 incommodis,
863 2645 897 2680 in
929 2645 1057 2692 quibus
1089 2645 1236 2680 maxima
1269 2657 1351 2693 pars
1382 2646 1442 2681 diu
1473 2645 1601 2680 versati
1625 2657 1758 2684 sumus,

55 2710 95 2735 ac
125 2698 178 2746 (ut
207 2700 322 2746 video)
360 2701 468 2746 longe
498 2702 632 2737 diutius
664 2701 900 2741 versabimur,
940 2701 1168 2741 deterrebor,
1212 2702 1295 2748 quin
1335 2714 1373 2737 ea
1414 2713 1491 2748 qua),
1529 2702 1570 2736 ad
1603 2701 1757 2737 omnium

54 2755 245 2792 utilitatem
277 2763 438 2805 spectare
471 2758 683 2793 videbuntur
724 2758 806 2792 sorti
849 2770 887 2793 ac
926 2757 1102 2804 intrepido
1141 2757 1257 2793 animo
1288 2758 1499 2805 exprimam.
1541 2757 1764 2804 quotidianis·

57 2818 190 2847 nostrie
212 2813 419 2849 miserrumer
441 2815 657 2850 conditionis
680 2812 970 2850 [luetuationilms
1001 2826 1196 2861 earumque
1226 2814 1343 2849 causis
1375 2814 1523 2849 subinde
1546 2814 1757 2861 assignatis:

58 2879 136 2915 quae
174 2872 246 2904 non
287 2875 356 2905 tam
395 2870 657 2918 longinquitate
696 2871 856 2905 locorum
895 2882 972 2905 esse
1013 2870 1133 2916 ignota
1166 2871 1348 2906 Germanis
1379 2876 1485 2918 puto,
1528 2881 1631 2916 quam
1663 2871 1755 2918 quod

55 2935 93 2959 ea
124 2924 306 2960 hominum
338 2932 462 2962 natura
502 2933 574 2967 est,
617 2933 655 2963 ιιι
696 2926 899 2962 blandiente
939 2926 1159 2973 aliquantum
1204 2927 1349 2962 fortuna
1389 2938 1451 2962 nec
1490 2926 1756 2973 p1·a¹„te1·itorum

141 3055 154 3074 ²
178 3066 387 3097 AAGVSTVM‚
416 3060 445 3090 1.
515 3058 543 3079 ²0
568 3057 635 3100 Iu.]
663 3059 685 3090 i.
707 3070 736 3089 e.
756 3058 898 3099 Iunias,
925 3061 965 3089 ut
990 3057 1105 3089 ultimi
1129 3057 1233 3090 huius
1259 3058 1376 3090 libelli
1401 3068 1525 3090 versus
1551 3059 1754 3090 ostendunt.

53 3110 82 3130 ³³
108 3121 175 3153 quo
202 3114 231 3144 1.
