2133 3585
1019 415 1408 456 Praefatio.

448 530 536 562 Post
561 540 667 572 quam
692 529 853 571 proxime
879 529 1060 570 superiori
1084 528 1219 571 pagina
1237 527 1393 559 indicati
1410 527 1544 568 libelli,
1574 527 1760 570 epistulae,
1787 530 2070 569 programmata,

359 587 562 626 orationes,
598 587 737 625 edicta,
773 585 1079 624 consultationes,
1115 584 1397 626 propositiones,
1433 595 1618 624 recessus,
1652 594 1739 626 quos
1772 584 1984 626 conlegere,
2018 595 2073 616 re-

360 653 511 675 censere
526 667 534 682 ,
563 643 756 681 adnotare,
786 652 865 673 cum
892 641 938 673 ad
963 641 1119 673 Hutteni
1144 640 1283 682 scripta
1302 643 1403 672 recte
1422 640 1672 682 intellegenda
1691 640 1960 682 iudicandaque
1978 650 2072 672 sum-

359 709 503 741 mopere
530 699 689 738 faciant,
717 701 855 740 apertae
880 697 1054 729 utilitatis
1081 708 1160 729 esse
1186 697 1302 729 visum
1322 699 1394 736 est,
1422 706 1545 728 omnes
1563 697 1659 738 typis
1679 697 1751 727 iam
1770 696 1946 738 descripti
1973 699 2070 735 sunt,

359 756 631 798 opportunitate
657 755 781 787 oblata
806 754 911 785 huius
936 753 1112 795 plagulae,
1140 754 1270 795 quippe
1298 763 1377 794 quae
1403 751 1560 784 nondum
1584 752 1723 794 prelum
1739 762 1850 794 passa
1870 755 1944 792 est,
1970 752 2071 794 paul<

358 812 469 844 lulum
495 811 738 844 reformandae*
760 821 831 842 non
855 810 1027 852 nullaque
1052 810 1112 841 nic
1138 808 1385 851 praemonendi
1411 807 1571 839 libenter
1595 811 1690 839 utor.
1737 809 1786 839 Et
1818 809 1971 850 primum
1997 809 2072 850 qui-

360 869 440 900 dem
465 869 502 899 in
527 867 672 899 delectu
699 857 942 898 addend'orum
969 866 1014 897 ad
1031 866 1297 897 Huttenianam
1323 864 1524 896 orationem
1542 865 1758 906 scriptorum
1775 864 1854 896 haec
1873 865 1945 896 tria
1963 875 2075 906 quan—

360 928 433 956 tum
458 925 557 966 potui
583 922 687 955 simul
713 923 898 965 spectavi,
925 925 964 954 ut
989 923 1034 953 ad
1052 921 1393 963 interpretationem
1411 920 1694 962 interioremque
1712 920 1811 952 illius
1831 921 2075 962 cognitionem

360 981 577 1013 necessaria
604 982 675 1011 aut-
692 982 789 1011 certe
816 978 941 1019 utilia,
968 981 1007 1009 ut
1033 977 1208 1019 aequalia,
1235 980 1274 1008 ut
1298 977 1590 1018 infrequentiora
1616 980 1678 1008 aut
1695 976 1922 1019 neglectiora
1941 980 2074 1009 essent.

363 1048 432 1079 qua
458 1038 500 1068 de
528 1047 639 1068 causa
664 1035 768 1077 plura
794 1045 872 1076 quae
899 1034 943 1066 de
968 1033 1064 1065 bello
1090 1033 1220 1065 Turcis
1245 1032 1433 1065 inferendo
1460 1033 1556 1065 inter
1581 1032 1691 1072 alios,
1725 1032 1955 1074 pontificem,
1991 1032 2075 1065 Gal-

361 1094 441 1134 liae,
466 1092 622 1135 Angliae,
649 1091 840 1133 Hispania·
867 1101 972 1132 reges
998 1092 1161 1121 tractata
1186 1092 1286 1129 sunt,
1323 1091 1488 1130 quamvis
1522 1089 1567 1120 ad
1597 1089 1789 1120 historiam
1815 1089 1914 1121 illius
1939 1093 2075 1132 tempo—

362 1151 411 1181 ris
437 1149 585 1191 egregie
618 1148 761 1179 faciant
787 1146 1063 1187 eorumdemque
1097 1145 1276 1177 editiones
1307 1145 1545 1177 subsidiorum
1586 1155 1744 1176 meorum
1777 1155 1844 1186 ope
1875 1145 1961 1176 hinc
1993 1145 2077 1177 inde

363 1205 557 1236 emendare
582 1204 728 1245 possim,
756 1204 800 1235 ab
826 1203 894 1234 hoc
919 1201 1102 1234 volumine
1129 1202 1270 1242 abesse,
1305 1212 1385 1234 cum
1411 1211 1481 1233 non
1508 1201 1690 1242 deessent,
1715 1200 1826 1233 volui.
1876 1201 2004 1233 eadem
2021 1212 2077 1233 ra-

361 1262 460 1293 tione
476 1271 546 1292 non
563 1260 663 1291 nulla
682 1270 759 1301 quae
779 1259 825 1290 ad
843 1268 969 1289 manus
989 1258 1134 1289 fuerunt
1152 1258 1309 1299 aequalia
1327 1259 1465 1300 scripta
1485 1267 1565 1290 cum
1584 1258 1629 1289 ad
1648 1260 1866 1290 conventum
1875 1257 2077 1299 Augusten-

362 1328 436 1348 sem
462 1327 588 1358 parum
613 1316 799 1357 pertinere
824 1314 1008 1353 vidissem,
1037 1314 1082 1345 ab
1100 1314 1170 1345 hae
1191 1315 1408 1346 collectione
1428 1314 1611 1356 ablegavi.
1652 1316 1779 1345 contra
1795 1324 1881 1346 vero
1900 1324 2007 1355 quam
2025 1323 2080 1344 re-

362 1374 482 1414 cipere
509 1372 606 1404 volui
632 1370 842 1403 schedulam
868 1370 1072 1412 principum
1089 1371 1343 1402 Maximiliano
1370 1370 1581 1411 exhibitam,
1609 1370 1655 1402 ad
1680 1381 1787 1412 quam
1812 1371 2010 1412 imperator
2027 1380 2082 1401 re-

361 1439 529 1471 sponsum
555 1427 760 1470 p.198.sqq.
782 1427 980 1459 exhibitum
1006 1426 1118 1465 dedit,
1144 1437 1216 1458 non
1233 1428 1345 1469 potui,
1373 1427 1457 1468 quia
1481 1427 1577 1458 inter
1602 1437 1701 1458 meos
1727 1426 1951 1468 aliorumque
1969 1425 2082 1457 libros

364 1486 500 1517 frustra
526 1484 690 1526 qufesivi.
744 1485 926 1524 Quantum
954 1486 989 1514 et
1015 1483 1185 1524 ponderis
1212 1486 1248 1514 et
1273 1483 1365 1514 lucis
1391 1483 1544 1525 singulis
1570 1483 1721 1515 huiusce
1740 1482 1837 1515 modi
1862 1482 2023 1524 scriptis,
2051 1482 2096 1513 si‘

365 1541 554 1583 conposite
584 1541 849 1572 concinnentur
875 1540 1041 1580 interque
1068 1548 1106 1570 se
1134 1540 1419 1581 coniungantur,
1447 1543 1578 1581 sponte
1605 1539 1776 1580 accedat,
1803 1541 1843 1570 ut
1867 1538 1960 1570 alias
1984 1549 2082 1580 saepe

362 1598 415 1628 ita
442 1600 478 1628 et
502 1596 572 1628 hac
598 1606 708 1638 opera
735 1598 906 1637 expertus
932 1605 1027 1635 sum,
1054 1596 1161 1627 immo
1188 1595 1302 1627 multa
1327 1597 1357 1627 si
1383 1606 1448 1637 per
1473 1605 1510 1627 se
1537 1595 1650 1627 solum
1683 1598 1844 1637 spectes,
1878 1605 1949 1626 non
1982 1598 2082 1626 recte

363 1654 426 1685 sed
450 1653 546 1685 male
572 1653 727 1684 distorta
754 1651 971 1693 conspicies.
1015 1652 1093 1693 quis
1120 1652 1287 1691 tandem,
1314 1655 1353 1683 ut
1380 1652 1540 1693 exemplo
1567 1651 1767 1693 defungar,
1800 1651 1831 1683 si
1855 1651 1914 1683 vel
1941 1651 2082 1682 consul-

362 1711 522 1742 tationes
548 1721 580 1751 p.
596 1707 754 1749 146.sqq.
786 1707 946 1749 186.sqq.
968 1708 1145 1749 repetitas
1172 1708 1417 1747 adhibuisset,
1446 1709 1629 1749 suspicari
1655 1708 1697 1738 de
1717 1708 1879 1739 Hutteno
1904 1707 2085 1749 potuisset

364 1776 444 1797 eum
471 1765 655 1797 orationes
680 1775 712 1805 q.
730 1774 763 1795 v.
790 1764 1011 1795 decimarum
1044 1763 1091 1805 (p.
1115 1763 1188 1795 163.
1208 1774 1284 1805 sqq.
1307 1764 1361 1795 ed.
1381 1765 1429 1804 n.)
1465 1767 1527 1795 aut
1557 1767 1746 1805 utramque
1783 1767 1845 1795 aut
1871 1763 2084 1796 alterutram

364 1822 624 1864 conposuisse?
649 1830 692 1851 ne
720 1820 756 1850 id
782 1819 948 1861 quidem,
978 1820 1070 1861 quod
1096 1831 1210 1862 nuper
1236 1820 1354 1851 denuo
1381 1820 1519 1851 factum
1546 1823 1618 1860 est,
1654 1819 1815 1851 dubitari
1842 1819 1997 1862 amplius
2022 1830 2083 1861 po-

363 1880 453 1917 test,
494 1877 577 1918 quin
602 1876 700 1918 prior
726 1877 843 1907 oratio
871 1876 915 1907 ab
943 1876 1022 1918 ipso
1047 1876 1171 1917 legato
1204 1886 1309 1918 papae
1343 1876 1472 1907 habita
1502 1887 1574 1908 non
1608 1879 1717 1908 esset.
1766 1877 1825 1907 Ita
1859 1886 1901 1907 ex
1932 1876 2106 1907 Bartho-·

362 1933 429 1964 lini
462 1933 628 1965 oratione
663 1931 776 1963 facile
810 1932 981 1963 discimus
1014 1931 1099 1972 quid
1131 1932 1334 1963 Huttenum
1366 1933 1537 1973 moverit,
1573 1935 1613 1964 ut
1646 1932 1750 1964 istius
1783 1931 1967 1973 ambiguae
1999 1931 2086 1963 fidei

362 1991 614 2028 succenseret,
642 1988 679 2019 id
704 1987 797 2028 quod
821 1988 899 2029 ipse
928 1988 973 2019 ad
998 1987 1067 2019 vol.
1082 1989 1109 2019 I.
1133 1989 1255 2029 p.22=1.
1275 1988 1415 2029 5567.
1436 1990 1598 2030 apertius
1626 1989 1801 2020 adnotare
1822 1988 2013 2020 debebam.
2038 1989 2086 2019 Et

362 2045 575 2076 Zinkeiseni
603 2054 741 2086 quoque
767 2043 913 2075 libellus
941 2042 1040 2085 (im-ci
1060 2043 1303 2086 Terirfd›1·iftc11
1328 2043 1408 2078 iiber
1432 2044 1482 2078 bic
1509 2043 1730 2084 1111111111111111
1759 2044 1861 2089 &tage
1887 2051 1954 2078 nou
1981 2043 2084 2085 Qupst

362 2101 420 2135 S'co
437 2102 496 2140 X„
522 2099 633 2145 assuig
652 2099 758 2143 ⁸5·er
777 2100 804 2130 I.
831 2099 1103 2142 111111811111111111)
1130 2102 1197 2134 nub
1226 2100 1343 2142 11111111·
1362 2099 1592 2136 91111111111111111
1612 2101 1639 2132 Ι.
1666 2106 1731 2134 uus
1756 2101 1826 2134 bem
1852 2099 1960 2142 &abre
1988 2100 2083 2134 1517.

363 2157 449 2197 maci>
469 2157 540 2191 bem
558 2155 765 2201 beigefi'tgtcu
784 2155 1011 2201 §aginnum-t
1032 2165 1104 2198 gum
1125 2156 1224 2196 1111111
1244 2156 1342 2191 {Diale
1367 2156 1516 2199 1111111111
1542 2156 1609 2190 nub
1636 2155 1803 2192 crumtcrt.
1846 2155 1961 2198 &utba
1988 2156 2084 2190 1854.

362 2213 438 2253 80.)‚
466 2213 496 2244 si
523 2212 631 2254 (quod
656 2215 817 2254 poterat,
846 2216 881 2242 et
908 2212 999 2253 quod
1028 2212 1072 2242 ad
1098 2212 1388 2244 Reusnerianam
1414 2213 1639 2254 farraginem
1666 2213 1818 2253 attinet,
1848 2223 1927 2244 cum
1948 2213 1993 2244 ad
2010 2223 2085 2244 ma-
2132 2255 2133 2259 Ἰ

364 2280 429 2300 nus
454 2269 525 2300 sibi
551 2269 678 2308 fuerit,
707 2269 818 2300 etiam
845 2267 1013 2308 debebat)
1042 2278 1103 2300 eos
1122 2268 1242 2300 fontes
1263 2279 1305 2300 ex
1325 2269 1453 2310 quibus
1470 2271 1549 2310 ipse
1567 2269 1689 2310 hausi,
1719 2272 1804 2300 ante
1825 2270 1963 2300 adisset
1981 2279 2086 2311 quam
2132 2262 2133 2268 ¹

365 2325 491 2356 ederet
515 2325 686 2365 scriptor,
715 2324 812 2355 haud
836 2335 962 2367 parum
988 2317 1221 2367 profecisset.
1271 2335 1341 2356 non
1376 2325 1458 2356 ideo
1491 2328 1615 2356 tamen
1648 2325 1715 2356 hoc
1748 2326 1885 2356 dictum
1910 2325 2011 2365 volo,
2046 2329 2085 2357 ut

365 2384 538 2422 quantum
564 2380 617 2411 illi
642 2380 760 2412 laudis
786 2381 942 2413 decedat
969 2382 1124 2413 accedat
1150 2381 1254 2413 mihi:
1288 2392 1373 2412 nam
1405 2381 1481 2422 ipse
1515 2381 1646 2412 librun'i
1678 2381 1780 2412 illum
1814 2382 1980 2422 quamvis
2011 2382 2085 2412 iam

365 2438 427 2468 diu
452 2436 676 2478 publicatum
701 2436 757 2468 his
784 2438 873 2478 ipsis
899 2438 1040 2469 demum
1066 2437 1214 2476 diebus,
1250 2441 1442 2478 postquam
1473 2440 1597 2479 partes
1625 2438 1754 2478 quibus
1779 2438 1846 2469 hoc
1871 2438 2084 2480 prooemium

365 2493 502 2529 adicio,
529 2493 642 2533 typis,
671 2496 709 2523 ut
734 2503 842 2534 supra
867 2493 963 2532 dixi,
992 2494 1064 2524 iam
1090 2494 1285 2535 descriptae
1313 2496 1433 2533 erant,
1462 2494 1514 2524 ita
1539 2496 1578 2524 ut
1604 2494 1649 2524 ad
1676 2504 1737 2525 eas
1756 2494 2002 2526 recensendas
2023 2493 2082 2525 ad-

362 2549 487 2580 hibere
514 2559 585 2580 non
610 2549 806 2589 potuerim,
834 2549 1005 2580 utendum
1032 2550 1171 2591 accepi.
1223 2552 1383 2581 ceterum
1408 2550 1487 2582 haec
1512 2559 1594 2581 mea
1626 2550 1883 2592 neglegentia,
1917 2550 1996 2582 sive
2023 2560 2083 2581 ca·
2126 2582 2127 2587 ,

363 2614 423 2636 sus
450 2607 518 2643 est,
547 2604 641 2635 libro
667 2615 745 2635 mco
771 2615 842 2636 non
867 2606 1008 2646 nocuit,
1037 2616 1117 2637 cum
1142 2606 1291 2637 nimiam
1310 2606 1541 2638 Carrerianis
1560 2606 1751 2647 exemplis,
1779 2609 1854 2637 tum
1871 2606 1967 2638 male
1986 2608 2083 2637 tran·
2126 2608 2133 2635 ³.

363 2660 509 2701 scriptis
535 2663 609 2691 tum
634 2671 761 2702 parum
787 2660 880 2691 bene
908 2659 965 2702 (ut
989 2662 1145 2703 videtur)
1174 2662 1298 2702 editis,
1328 2663 1456 2704 quibus
1483 2663 1519 2693 in
1543 2665 1705 2703 tempore
1732 2673 1817 2694 usus
1835 2672 1929 2702 sum,
1959 2665 2082 2694 aucto·

363 2716 510 2747 ritatem
537 2716 779 2748 Zinkeisenus
810 2717 989 2748 tribuerit.
1040 2719 1120 2750 Hoc
1146 2729 1254 2749 unum
1279 2719 1426 2751 tandem
1453 2718 1563 2757 addo,
1593 2718 1868 2750 adnotationem
1894 2729 2012 2750 meam
2039 2717 2083 2750 ad

364 2771 526 2813 singulas
552 2774 675 2814 partes
700 2782 771 2804 non
799 2782 841 2804 co
868 2783 972 2813 quem
997 2774 1035 2805 in
1061 2774 1211 2806 edendis
1237 2778 1385 2807 secutus
1410 2785 1487 2806 sum
1513 2774 1637 2805 ordine
1665 2775 1838 2816 scriptam
1866 2785 1966 2807 esse:
2000 2775 2081 2806 sub-

365 2828 453 2859 sidia
479 2839 597 2870 operae
624 2829 706 2869 ipsa
730 2828 922 2869 paullatim
948 2830 1195 2870 conquirenda
1223 2831 1370 2862 fuerunt
1394 2832 1447 2862 ita
1472 2833 1512 2861 ut
1543 2840 1614 2861 non
1648 2830 1761 2862 solum
1793 2831 1891 2862 viam
1926 2841 1997 2871 qua
2028 2831 2083 2861 in·
2122 2829 2123 2834 ¹

365 2883 531 2915 cederem
557 2885 636 2926 ipse
662 2884 750 2915 mihi
775 2887 936 2916 sternere
963 2886 1026 2917 sed
1054 2887 1098 2919 ad
1124 2887 1355 2920 sternendam
1382 2897 1453 2919 non
1478 2897 1558 2919 raro
1592 2887 1833 2918 instrumenta
1864 2886 1999 2918 utenda
2030 2896 2083 2918 ro·
2114 2880 2121 2908 '=

364 2949 453 2982 gare
479 2939 677 2972 debuerim.
