2133 3585
176 940 199 971 ἕ.
211 943 234 968 4.

180 2018 203 2048 ἕ.
215 2020 238 2046 6.

255 207 282 250 4
447 225 608 247 HVTTENI
635 224 673 245 IN
699 223 889 244 VLRICHVM
917 220 1282 243 wiR'rExPERGENSHM
1308 218 1444 239 ORATIO
1472 218 1496 239 I.
1532 217 1620 238 AEST.
1638 215 1672 237 A.
1692 211 1771 236 1515.

254 328 368 366 minis
399 327 629 365 continebo?
666 330 730 364 aut
763 325 864 376 quod
897 326 932 363 in
964 329 1063 361 tanta
1105 322 1327 361 difficultate
1366 323 1712 370 temperamentum
1752 317 1966 355 inveniam?

254 396 378 446 siquid
416 396 514 432 enim
556 394 747 437 conabor,
786 404 1067 443 supervaeiuun
1106 391 1142 428 id
1182 391 1269 433 erit,
1313 389 1413 439 quod
1455 400 1497 426 ea
1546 391 1602 425 est
1642 385 1841 429 atrocitas,
1881 396 1965 434 quae

253 462 395 500 nullius
434 474 653 513 quanquam
691 460 930 498 disertissimi
967 459 1131 496 oratoris
1169 457 1384 507 eloquentia
1421 456 1534 504 digne
1574 453 1747 492 enarrari
1783 453 1964 495 sustinet;

259 535 391 567 contra
426 531 455 567 si
488 529 665 569 cessabo,
707 540 830 566 causze
862 526 1130 565 existimationi
1161 525 1333 562 defuero.
1386 523 1549 561 sortasse
1571 521 1758 571 optimum
1786 525 1869 558 erat
1895 532 1964 557 nu-

255 598 341 635 dam
372 610 452 634 rem
479 598 513 634 iu
546 597 711 634 medium
744 606 909 645 ponere:
941 595 1020 643 ipsa
1051 606 1091 631 se
1120 593 1261 630 rectius
1293 590 1537 634 ostenderet,
1570 590 1650 639 ipsa
1682 600 1746 626 vos
1775 592 1960 631 moveret,
1979 597 1993 618 5»

254 666 334 714 ipsa
361 666 562 705 excitaret,
594 665 673 713 ipsa
703 663 958 702 inflammatos
986 661 1184 703 redderet,
1212 660 1304 702 nisi,
1330 670 1406 708 quo
1428 658 1464 695 id
1488 657 1703 707 parandum
1731 661 1831 697 erat,
1857 654 1967 693 dolor

254 733 333 781 ipse
355 732 446 769 mibi
474 732 545 769 boe
569 731 808 781 propositmn
831 730 1111 771 interverteret,
1138 728 1201 777 qui
1225 738 1314 764 cum
1341 726 1531 763 maximus
1553 726 1612 769 sit,
1634 724 1791 762 minime
1817 722 1967 761 ostendi

254 799 382 837 verbis
413 800 574 837 sustinet
606 798 652 835 ab
685 798 762 839 bis,
796 796 936 847 quibus
968 796 1133 833 maxime
1161 794 1287 832 adest:
1328 805 1416 831 nam
1446 798 1487 831 ut
1516 804 1654 830 recens
1686 797 1760 835 est,
1792 790 1965 828 nondun]

256 866 555 904 consolationem
584 865 754 903 admisit.
796 865 953 913 fixitque
985 862 1136 900 radices
1166 873 1250 912 qua}
1281 860 1389 898 avelli
1421 861 1495 898 eito
1534 864 1750 909 nequeunt,
1789 863 1826 897 et
1855 858 1966 896 altius

255 935 379 972 statim
412 934 549 972 insedit
579 946 692 983 quam
723 938 762 970 ut
793 932 924 970 levite·-
956 935 1190 968 amoveatur.
1237 928 1399 967 Turbati
1429 940 1563 965 sumus
1594 929 1716 968 enim,
1745 931 1787 964 ut
1816 925 2036 979 tui-harim

256 999 522 1040 vehementius
557 1000 658 1038 baud
694 1000 904 1049 possimus,
944 1010 1021 1035 non
1064 998 1150 1047 quia
1184 1009 1261 1034 non
1299 998 1335 1034 in
1379 995 1560 1033 omnibus
1598 995 1716 1033 rebus
1747 994 1966 1044 obsequens

255 1069 367 1107 nobis
393 1069 562 1106 Fortuna
597 1072 670 1110 est,
704 1067 768 1104 sed
798 1067 883 1117 quia
917 1066 952 1103 iu
983 1065 1132 1113 magnis
1162 1069 1199 1102 et
1228 1064 1458 1102 necessariis
1489 1064 1643 1101 inimica
1679 1062 1769 1101 suit:
1808 1073 1965 1112 oppres-

257 1149 341 1174 sum
376 1141 426 1174 est
462 1148 627 1184 namque
654 1135 713 1171 vix
747 1133 928 1171 obortum
960 1134 996 1170 in
1029 1128 1158 1169 nostra
1191 1137 1304 1181 gente
1333 1131 1472 1173 deeus;
1505 1130 1672 1168 ablatum
1698 1129 1871 1167 mirabile
1894 1130 1966 1166 vir-

255 1204 344 1241 tutis
375 1204 593 1253 specimen,
627 1201 687 1239 ille
717 1202 882 1242 iuvenis,
917 1200 978 1238 ille
1012 1200 1228 1238 Germanus
1259 1200 1405 1237 iuvenis
1435 1200 1470 1236 111
1503 1198 1599 1236 flore
1625 1199 1765 1241 aetatis,
1797 1197 1861 1246 qui
1884 1201 1966 1234 tan-

256 1276 316 1309 tus
349 1270 465 1308 dubio
492 1269 627 1319 procul
657 1270 808 1307 futiirus
836 1273 938 1312 erat,
967 1273 1151 1318 (plantum
1183 1267 1255 1305 bae
1284 1266 1409 1305 indole
1440 1267 1692 1317 promiserat,
1722 1269 1965 1316 quantusque
1984 1272 2013 1297 ¹5

255 1339 465 1388 perspectis
496 1339 569 1375 iam
603 1337 844 1375 documentis
883 1335 965 1373 fore
1003 1335 1245 1385 sperabatur.
1302 1335 1426 1385 Atque
1465 1334 1539 1372 hoe
1568 1339 1624 1372 est
1654 1346 1723 1372 eur
1753 1337 1968 1371 commotos

256 1418 321 1443 vos
353 1406 480 1445 video,
513 1417 580 1443 cur
613 1406 740 1442 tristes
771 1404 994 1453 conspicor,
1031 1408 1162 1452 utpote
1190 1403 1236 1441 ad
1269 1407 1366 1453 quos
1394 1402 1516 1452 aliqua
1549 1414 1592 1439 ex
1627 1406 1735 1451 parte
1767 1400 1877 1439 dolor
1904 1400 1967 1438 bie

254 1474 454 1523 pertineat.
504 1472 551 1510 Et
581 1474 749 1522 pertinet
774 1484 815 1508 re
848 1472 969 1519 magis
1000 1472 1101 1522 ipsa,
1132 1483 1245 1520 quam
1279 1470 1480 1508 iactatione
1502 1475 1652 1511 nostra,
1686 1471 1825 1508 utiam
1855 1481 1873 1506 a
1902 1481 1965 1506 vo-

254 1540 311 1578 bis
343 1553 413 1578 nce
445 1552 560 1589 prece
593 1552 662 1577 nec
694 1539 823 1589 precio
853 1543 1085 1588 extorquere
1119 1537 1233 1575 liuius
1264 1537 1549 1576 damnationem
1579 1549 1670 1575 eura
1701 1538 1767 1576 sit:
1808 1537 1966 1575 damna-

252 1610 319 1645 stis
349 1609 469 1649 enim:
502 1607 672 1645 amlitum
701 1612 780 1649 est,
813 1610 1058 1656 perspectum
1091 1610 1163 1646 est,
1206 1605 1449 1649 decrevistis,
1483 1610 1557 1643 stat
1591 1606 1798 1646 sententia.
1834 1606 1870 1643 in
1902 1618 1964 1643 ve-
1979 1614 2012 1638 20

252 1676 340 1713 stris
370 1676 506 1713 animis
537 1680 613 1718 est;
646 1679 763 1712 restat
789 1679 830 1712 111
859 1674 1036 1711 edicatis:
1077 1672 1190 1710 liuius
1222 1684 1314 1720 ergo
1345 1672 1538 1723 supplices
1565 1673 1768 1715 adsumus,
1810 1684 1967 1711 oramus

253 1755 295 1780 ac
329 1743 585 1783 obtestamur.
620 1747 783 1779 vesu-am
816 1742 927 1779 etiam
962 1740 1074 1778 tidem
1106 1739 1368 1790 imploramb‘).
1409 1745 1451 1778 ut
1490 1752 1605 1790 quem
1648 1741 1848 1791 indignum
1881 1741 1964 1781 vita,

253 1811 409 1860 dignum
438 1822 533 1848 nece
560 1811 753 1849 imlieatis.
795 1821 882 1847 eum
914 1808 1031 1846 verbo
1063 1820 1218 1857 quoque
1250 1808 1472 1846 damnatum
1509 1809 1785 1857 pronuntietis:
1827 1808 1900 1846 hoc.
1931 1812 1968 1845 et

252 1883 387 1914 vesu-a»
417 1879 644 1926 integritatis
674 1876 892 1926 exemplum
922 1875 1171 1913 memorabile
1201 1875 1360 1918 dabitis,
1397 1880 1434 1913 et
1464 1876 1626 1913 tristitia}
1655 1881 1796 1913 nosti-ze
1830 1887 1967 1913 conso-

254 1945 433 1983 lationem
467 1946 648 1983 adt'ercdis
678 1944 860 1987 solidam;
889 1944 1026 1981 deinde
1056 1944 1360 1992 patentissinmm
1397 1943 1442 1980 ad
1474 1955 1589 1981 omne
1621 1943 1813 1981 scelerum
1845 1955 1967 1993 genus
1980 1954 2012 1978 ²25

256 2013 326 2049 iter
358 2012 579 2051 obstruetis.
634 2014 752 2049 (lausa
786 2017 842 2049 est
873 2010 986 2049 buius
1016 2010 1225 2048 calamitosi
1254 2012 1373 2055 senis,
1407 2011 1547 2049 horum
1570 2010 1846 2049 miserabilium
1873 2010 1966 2048 tilio-

255 2093 359 2119 rum.
392 2082 508 2118 totius
529 2081 706 2118 lluttenm
739 2079 888 2117 l'amilite
920 2078 1072 2116 infanda
1104 2078 1294 2116 latrocinii
1325 2079 1464 2116 szevitia
1498 2078 1662 2121 violabo,
1696 2080 1869 2117 omnium
1901 2079 1966 2117 de·

253 2148 367 2197 nique
396 2149 676 2186 G‹2·1·nianorum
708 2148 900 2197 equitum,
940 2146 1105 2196 quodam
1136 2146 1242 2196 quasi
1274 2146 1439 2183 convitio
1474 2146 1572 2184 lianc
1611 2160 1630 2183 e
1661 2147 1788 2184 medio
1823 2146 1967 2185 auferri

253 2215 517 2253 detestabilem
550 2216 758 2265 perniciem
793 2213 1080 2264 postulantium.
1138 2225 1303 2263 quorum
1345 2214 1515 2251 onmium
1554 2214 1766 2261 suffragiis.
1812 2215 1843 2251 si
1874 2215 1963 2264 quid

253 2282 450 2319 decretum
483 2283 519 2319 in
552 2284 687 2319 vestris
720 2282 838 2319 rebus
869 2282 1048 2330 gerendis
1080 2282 1231 2323 suisset,
1264 2282 1394 2330 utique
1424 2286 1533 2331 aptos
1560 2283 1766 2331 putaretis,
1798 2294 1963 2332 quorum
1980 2297 2012 2321 20

253 2351 348 2387 votis
379 2351 565 2388 sententia
599 2350 852 2387 formaretur:
892 2362 995 2387 nune
1027 2342 1193 2386 nonest
1231 2348 1464 2387 decernendi
1494 2348 1602 2386 locus
1634 2349 1764 2394 nobis,
1808 2350 1965 2388 decerni

253 2430 271 2454 a
304 2417 409 2455 vobis
440 2417 604 2466 potimus
637 2430 714 2454 non
742 2417 843 2467 quod
877 2429 1016 2454 novum
1050 2418 1097 2454 sit
1129 2415 1290 2466 aliquid,
1323 2416 1388 2454 sed
1420 2417 1521 2466 quod
1555 2430 1598 2455 ex
1630 2430 1761 2459 more,
1802 2430 1964 2456 consue-

256 2485 385 2522 tudine
417 2498 460 2522 ac
486 2484 612 2533 legum
647 2489 802 2525 natura.
845 2488 881 2521 et
910 2483 982 2521 tale
1018 2484 1173 2521 111111111111
1213 2484 1325 2534 quale
1357 2485 1481 2534 ipsum
1521 2486 1598 2527 ius,
1641 2486 1719 2535 ipsa
1758 2485 1966 2536 postulabit

216 2554 424 2602 ·.a¹quitas.
481 2553 550 2590 llic
582 2557 640 2589 est
670 2553 783 2601 igitur
815 2551 896 2595 ille,
928 2552 1130 2597 tau-mani,
1164 2551 1284 2590 orbus
1310 2557 1419 2603 pater
1451 2553 1696 2591 venerandus
1725 2565 1862 2595 senex,
1901 2554 1965 2604 qui

255 2624 309 2656 tot
340 2632 460 2657 almos
497 2621 589 2657 eitra
623 2619 736 2657 ullam
770 2622 878 2657 samu¹
912 2624 976 2656 aut
1006 2620 1170 2656 nominis
1200 2619 1386 2657 maculam
1412 2621 1447 2657 111
1473 2622 1607 2658 vestris
1633 2620 1754 2658 oeulis
1782 2622 1889 2665 vixit;
1924 2622 2008 2661 11135

253 2692 342 2724 sunt
373 2688 429 2725 isti
462 2687 702 2725 miserabiles
733 2687 951 2737 interempti
987 2688 1143 2728 fratres,
1182 2688 1333 2738 optimi,
1376 2688 1649 2737 fortissimispte
1691 2695 1765 2727 tota
1803 2689 1964 2728 Francia

346 2855 352 2875 ¹
379 2856 612 2888 :estimationi
632 2861 669 2887 ΙΙ.
741 2856 753 2873 ‘⁵
781 2857 846 2887 nisi
908 2856 1156 2887 interverteret
1180 2858 1310 2888 fullon-il
1329 2861 1374 2896 ll,
1401 2857 1463 2887 sed
1479 2859 1737 2889 ememlalimwm
1757 2860 1962 2900 adseriplam

252 2916 362 2951 ls'!l‘'¹·¹'
390 2918 524 2943 illast-svs!
543 2916 574 2944 2.
648 2914 657 2930 ⁸
687 2911 855 2953 maxime!
885 2913 1071 2954 plurimum
1093 2918 1127 2946 ΙΙ,
1187 2914 1199 2931 ⁵¹
1226 2915 1297 2944 eito
1324 2916 1403 2945 mlrl.
1421 2918 1458 2944 ll.
1478 2916 1569 2944 mnis.
1594 2917 1620 2945 1.
1689 2915 1714 2934 ¹⁰
1738 2917 1862 2947 statim
1882 2917 1961 2947 add.

252 2974 288 3000 ΙΙ.
308 2972 398 3000 omis.
424 2973 449 3001 Ι.
522 2969 546 2988 ¹¹
574 2968 684 3010 baudl
714 2970 771 3000 vix
791 2973 826 3000 ll.
902 2968 925 2987 ¹⁷³
952 2979 1061 3009 uanqj
1092 2973 1117 3000 1.
1192 2969 1216 2988 ¹¹
1244 2971 1414 3002 (term-‘uti
1443 2973 1470 3002 Ι.
1498 2977 1648 3011 (operar.
1669 2972 1754 3013 err.)
1833 2971 1858 2991 ¹¹²
1884 2983 1962 3015 spe·

253 3025 346 3067 1·.‘tl›.l
377 3027 580 3067 putabatur.
608 3031 642 3058 11,
730 3026 754 3044 ¹¹¹
782 3026 896 3066 pretio
925 3030 954 3055 21.
1032 3026 1059 3043 ’Ψ
1087 3027 1340 3066 pronuncietis.
1370 3031 1398 3057 2.
1486 3027 1513 3045 ''³''
1540 3027 1814 3070 miserabilium]
1842 3030 1962 3061 infeli-

251 3084 342 3114 cium
362 3087 399 3112 ΙΙ.
