2133 3585
202 214 358 235 nv'r'rrznl
390 215 422 234 ιΝ
453 215 570 234 υνυκΜ
601 215 961 235 win'rexrnwucnsrm
990 215 1123 234 onix'rio
1153 216 1206 236 ιιι.
1234 215 1383 237 ΙΝῐ-ὶνΝΤ.
1410 215 1441 235 Λ.
1466 211 1538 235 1517.
1658 197 1708 240 51

26 317 262 354 necessitatis
293 316 492 365 adigemur
524 316 716 365 profecto,
751 318 820 354 nisi
854 317 919 353 ista
953 328 1039 353 mox
1071 317 1283 353 severitatis
1316 320 1451 353 vesu-ze
1473 316 1605 355 aculeo
1630 330 1719 355 con-

26 383 192 420 fodiatur
224 384 350 432 pestis.
410 382 521 432 Atqui
554 391 620 419 vos
651 384 830 431 ignorare
862 395 938 420 non
970 382 1142 425 debetis,
1186 384 1398 433 prineipeS,
1437 396 1520 434 quie
1561 385 1721 422 desertis
1735 394 1810 425 §.sm

27 450 136 487 nobis
167 449 364 487 bominum
397 450 546 500 opinio.
590 451 691 499 quod
724 450 904 488 iudicium
938 462 1002 487 vos
1032 455 1203 488 maneat:
1245 452 1433 489 irascetur
1472 452 1596 488 onmis
1627 453 1721 490 Ger-

24 518 158 554 manize
189 516 316 566 plebs,
351 516 537 565 lugebunt
572 517 745 567 Equites,
786 521 999 568 querentur
1032 530 1167 555 onmes
1198 517 1309 555 liberi
1346 517 1541 562 homines,
1583 518 1720 568 passim

0 584 72 623 nde
103 584 282 634 superbia
315 589 351 622 et
382 584 606 622 crudelitate
639 586 753 623 vestri
785 585 928 623 ordinis
951 584 1274 634 proclamabitnr;
1307 586 1450 635 quippe
1473 585 1573 623 baud
1597 586 1723 623 miuus

24 653 61 689 in
93 664 309 702 quenquam
342 655 508 688 vestrum
543 651 622 690 lucc
654 653 790 690 recidit
821 652 1013 690 accusatio
1044 652 1107 702 qui
1141 652 1268 695 sertis,
1308 664 1421 702 quam
1463 654 1499 691 in
1540 665 1626 691 eum
1659 653 1721 703 qui

23 720 259 769 perpetravit
289 718 454 765 scelera,
489 720 590 769 quod
625 721 692 757 iste
724 720 885 763 audere,
919 732 983 755 vos
1014 719 1231 770 approbare
1264 719 1503 761 videbimini:
1545 732 1614 757 uec
1645 719 1720 757 ulla
1736 729 1811 760 §.st

23 786 198 825 audietur
230 787 424 824 excusatio
457 799 532 824 non
567 789 783 825 restitutum
821 800 841 825 a
881 787 986 825 vobis
1024 799 1134 826 reum
1176 792 1349 826 extreme
1388 799 1512 837 nuper
1546 787 1720 832 fractum,

23 866 172 892 summe
204 861 467 903 priemptum:
501 867 548 892 an
582 867 656 892 non
686 854 751 892 iliu
783 866 853 904 pro
876 854 1165 893 damnatissimo
1190 856 1258 893 suit
1278 856 1374 893 iste?
1405 859 1469 893 aut
1491 854 1581 904 quid
1605 855 1724 893 refert

0 931 92 959 nsua
115 922 274 971 quisque
298 922 551 965 conscientia,
584 923 663 960 suis
687 922 795 960 sactis
817 922 1041 967 damnetur,
1065 935 1112 960 an
1136 923 1304 961 iudicum
1327 923 1528 965 sententia,
1553 923 1722 960 omnium

24 989 223 1026 hominum
255 989 434 1038 opinione
473 1002 519 1027 an
561 1002 635 1027 uno
676 989 841 1040 ‹piodam
881 989 1064 1027 verbulo?
1102 990 1131 1028 A
1171 990 1277 1028 vobis
1316 991 1374 1028 aio
1415 990 1613 1028 restitutus
1653 990 1722 1028 iste

22 1055 240 1107 putabitur;
286 1068 354 1105 per
387 1069 450 1094 vos
482 1058 631 1111 stetisse
663 1070 737 1107 quo
771 1058 897 1095 miuus
928 1057 1115 1107 supplicio
1147 1059 1305 1096 allectus
1343 1059 1390 1095 sit
1427 1058 1721 1096 nocentissimus

22 1136 130 1167 reuss,
163 1123 369 1174 loquentur
401 1124 586 1162 bomines.
648 1124 715 1163 Cui
746 1125 1047 1163 incommoditati
1079 1127 1272 1164 occurrite
1312 1138 1440 1176 quzeso
1479 1130 1721 1175 vestramque
1736 1134 1811 1165 §..·‚.·‚.

23 1192 183 1235 famam,
217 1196 380 1229 vestram
414 1193 733 1230 existimatitmem
768 1192 920 1230 salvate.
982 1193 1059 1231 Nec
1098 1194 1173 1231 iam
1214 1194 1328 1232 vestri
1369 1194 1439 1231 iste
1479 1193 1624 1231 ordinis
1656 1197 1721 1236 est,

0 1259 90 1308 aqui
121 1271 195 1309 quo
228 1258 287 1311 die
320 1259 392 1296 boc
424 1260 606 1297 conscivit
641 1259 766 1303 nefas,
800 1272 877 1297 non
910 1260 980 1297 bae
1014 1265 1159 1298 tautum
1191 1261 1394 1311 dignitate,
1427 1261 1493 1299 sed
1526 1261 1722 1299 consortio

23 1338 177 1376 quoque
209 1330 245 1365 et
277 1327 547 1365 communione
579 1327 736 1365 humani
767 1328 920 1377 generis
952 1327 1141 1365 abdicavit
1171 1341 1273 1373 sese,
1308 1334 1344 1366 et
1372 1330 1408 1366 in
1431 1328 1536 1367 nullo
1558 1340 1721 1366 numero

22 1406 104 1432 esse
135 1395 286 1432 meruit.
348 1394 547 1432 Neminem
579 1395 753 1444 vitupero
786 1400 933 1439 tamen,
967 1396 1028 1433 cni
1060 1397 1198 1433 mansit
1229 1408 1316 1433 cum
1348 1395 1413 1433 illo
1445 1395 1599 1434 sofderis
1631 1407 1811 1438 eon-§.512

23 1461 134 1505 ditio;
168 1466 224 1506 te,
258 1462 453 1500 Saxonum
486 1463 668 1512 princeps
700 1462 944 1507 Fridericbe,
981 1462 1228 1501 vii=heme11ter
1261 1462 1494 1501 laudandum
1522 1467 1626 1513 puto,
1660 1463 1723 1513 qui

21 1530 205 1579 tantisper
237 1530 442 1567 amicitiam
475 1529 541 1567 tibi
574 1530 671 1568 banc
703 1529 903 1569 colendam
937 1535 1041 1568 ratus
1073 1543 1132 1574 es,
1167 1531 1290 1569 donec
1322 1531 1499 1569 bumana}
1530 1531 1723 1569 societatis

0 1598 217 1648 3pa1·tieeps
249 1598 318 1636 iste
351 1597 576 1647 pntabatur;
612 1603 812 1649 postquam
844 1612 884 1637 se
915 1611 1004 1637 vero
1027 1598 1164 1637 sceleri
1186 1611 1229 1636 ac
1251 1598 1486 1648 improbitati
1508 1597 1723 1639 obstrinxit,

23 1669 58 1702 et
91 1677 131 1702 ea
165 1665 401 1715 perpetravit
432 1677 516 1715 quie
547 1666 577 1703 si
609 1667 645 1703 in
678 1665 825 1704 nullum
858 1678 1028 1716 unquam
1059 1667 1242 1705 iudicium
1267 1667 1477 1710 venissent,
1511 1670 1646 1716 suapte
1670 1670 1723 1702 ta-

23 1744 110 1770 men
144 1734 250 1770 viae
283 1737 419 1770 natura
457 1734 491 1770 id
532 1734 768 1777 effecissent,
819 1738 859 1771 ut
900 1733 1002 1771 nullo
1043 1735 1112 1772 iste
1151 1734 1350 1771 hsnninnm
1392 1733 1648 1772 contubernio
1689 1738 1726 1771 et

22 1800 218 1843 convictu,
266 1801 409 1838 nedum
442 1802 626 1851 principis
659 1802 726 1838 riri
759 1801 1037 1839 consuetudine
1069 1802 1228 1850 dignus,
1276 1802 1343 1839 sed
1383 1806 1488 1839 extra
1527 1802 1623 1839 fines
1654 1800 1724 1838 llu-

23 1868 123 1905 mani
155 1868 307 1917 generis
340 1868 568 1913 eiiciendus,
604 1869 918 1907 exterminandus
951 1882 994 1907 ac
1027 1869 1071 1906 ad
1107 1869 1206 1907 seras
1237 1868 1377 1907 bestias
1409 1867 1639 1918 relegandus
1661 1872 1725 1905 ant

0 1935 61 1972 sin
91 1933 256 1985 aliquem
289 1936 483 1974 desertum
515 1935 664 1979 locum,
705 1936 767 1973 ubi
809 1949 920 1974 nemo
953 1950 995 1974 ex
1030 1936 1129 1974 l'irdo
1162 1949 1371 1986 congressu
1402 1936 1528 1974 labem
1559 1948 1603 1974 ac
1634 1947 1724 1973 con-

22 2003 166 2051 tagium
200 2003 346 2047 trabat,
381 2003 670 2053 protrudendus
703 2004 917 2044 videretur,
952 2004 1171 2042 continuisti
1204 2009 1238 2042 te
1270 2010 1305 2042 et
1336 2004 1623 2042 existimationis
1655 2003 1720 2041 ba-

23 2069 186 2109 bendam
219 2075 293 2108 tute
324 2071 512 2109 rationem
546 2072 697 2120 putasti.
759 2071 812 2109 Te
845 2072 959 2117 igitur
992 2076 1094 2109 reete
1126 2072 1357 2121 prudentem
1388 2084 1432 2109 ac
1454 2070 1593 2108 fortem
1617 2070 1720 2119 prin·
1738 2080 1813 2111 §.⁵2

23 2139 146 2188 cipem
185 2143 221 2176 et
258 2139 414 2187 dignuin
456 2140 538 2176 eius
579 2139 702 2188 gentis
741 2139 922 2187 imperio,
963 2151 1048 2189 qua:
1086 2138 1165 2176 sola
1206 2139 1485 2176 Germanarum
1527 2138 1724 2175 nationum

23 2217 174 2255 semper
206 2206 341 2243 invicta
377 2205 475 2244 bello
509 2207 630 2249 stetit,
664 2218 748 2255 quie
781 2218 854 2243 una
887 2210 1088 2244 externinn
1119 2218 1315 2255 nunquam
1337 2205 1489 2243 admisit
1510 2205 1722 2247 dominum,

0 2285 107 2323 oquae
139 2274 364 2311 fortissimos
397 2273 507 2311 nobis
540 2275 794 2323 imperatores
826 2273 948 2316 dedit,
982 2273 1318 2323 prwstantissimos
1349 2273 1488 2316 duces,
1523 2272 1624 2310 unde
1646 2276 1724 2309 tres

24 2340 211 2384 Othones,
251 2341 321 2378 tria
353 2342 568 2379 tlermanize
608 2340 770 2381 lumina,
811 2340 1048 2390 prodierunt.
1110 2341 1155 2378 Et
1194 2340 1267 2378 boc
1306 2344 1345 2377 tu
1385 2340 1610 2389 integritatis
1650 2343 1723 2377 tuae
1739 2345 1814 2376 ἕλικ’.

24 2407 297 2446 documentum
330 2408 503 2451 dederis;
544 2422 609 2446 vos
641 2413 790 2451 autem,
835 2407 972 2457 reliqui
1004 2408 1206 2451 Germani,
1249 2419 1295 2445 ne
1332 2408 1444 2445 sinite
1477 2407 1618 2445 frustra
1652 2406 1723 2444 boc

25 2475 130 2513 vohis
161 2477 402 2526 propositum
435 2475 675 2525 exemplum,
718 2481 754 2513 et
794 2476 989 2513 fortissimi
1033 2476 1098 2513 viri
1131 2476 1272 2512 sactum
1305 2476 1514 2513 imitatione
1546 2486 1724 2524 compro-

24 2542 122 2599 bate.
182 2543 288 2593 Nego
328 2548 487 2594 propter
527 2543 690 2593 aliquem
732 2544 876 2592 optime
916 2543 963 2581 de
1004 2543 1075 2580 boc
1114 2543 1274 2592 imperio
1306 2543 1486 2580 meritum
1518 2541 1565 2579 ab
1598 2541 1723 2579 ol'licio

0 2622 69 2649 iac
99 2611 280 2660 dignitate
312 2611 499 2649 decedere
532 2623 597 2647 vos
629 2611 867 2660 oportuisse,
901 2615 1043 2660 quanto
1076 2611 1201 2647 minus
1232 2610 1268 2647 in
1304 2610 1527 2648 tractatione
1558 2609 1637 2646 eius
1661 2608 1724 2658 qui

25 2678 78 2716 sic
109 2691 218 2723 reus,
250 2680 303 2716 sie
335 2679 536 2716 damnatus
569 2682 649 2715 est?
681 2678 745 2728 qui
776 2678 805 2715 si
837 2676 938 2715 aliud
963 2677 1054 2715 nibil
1078 2678 1333 2715 coimuisisset
1354 2689 1468 2727 quam
1491 2676 1592 2726 quod
1615 2688 1722 2713 snam

24 2757 204 2790 uxorem,
238 2745 513 2784 nobilissimam
545 2745 761 2789 l'onninam,
795 2745 898 2783 omni
920 2745 1035 2782 animi
1057 2757 1100 2782 ac
1122 2745 1295 2794 corporis
1317 2743 1601 2794 pnlclnitudine
1625 2755 1722 2792 prze-

24 2812 244 2857 celleutem,
289 2818 366 2851 tam
405 2824 563 2863 spurce,
605 2818 681 2851 tam
721 2812 835 2862 impie
875 2812 1067 2855 tractavit,
1109 2812 1306 2860 indignum
1339 2812 1493 2863 quicum
1526 2811 1722 2859 negotium

113 2958 125 2977 ³
152 2958 337 2989 incumbat
361 2964 435 2999 pust
461 2958 583 3000 opi'nio
609 2959 723 2988 arlalitl.
742 2961 778 2988 H.
874 2959 949 2994 nos]
977 2967 1039 2988 vos
1067 2960 1096 2988 2.
1129 2961 1248 2988 eontra
1271 2967 1410 2988 senmzm.
1505 2953 1517 2973 ⁵
1544 2966 1586 2986 ae
1619 2958 1644 2986 1.
1688 2959 1723 2985 et

25 3024 112 3045 corr.
133 3018 169 3045 H.
242 3015 253 3032 ¹³
278 3025 348 3045 nou
373 3015 589 3051 restitutum]
608 3027 652 3040 z
671 3015 773 3054 quasi
801 3024 861 3044 vos
888 3023 958 3043 non
983 3013 1236 3044 restituissetis
1305 3012 1333 3032 ²²
1360 3011 1443 3053 iste]
1469 3012 1618 3042 correri.
1647 3012 1713 3040 mm

5 3070 94 3120 ¹isto
164 3068 191 3087 ²³
219 3080 259 3099 ιιι·
290 3072 315 3100 1.
345 3074 378 3099 et*
404 3081 491 3099 emt-r.
513 3073 547 3100 ll.
602 3069 629 3088 ²¹³
657 3080 698 3099 ιιι·
728 3072 754 3099 l.
784 3073 818 3099 et
843 3080 930 3100 eurr.
951 3072 987 3100 H.

1360 3125 1383 3161 „1
1411 3123 1440 3146 ἣτ’
