2133 3585
823 685 1158 728 RICCHARDI
1206 683 1578 727 BARTHOLINI

994 781 1083 806 vnn
1114 779 1408 814 Eizvm'rlssim

893 848 946 885 DE
976 848 1205 884 CONVEN'I'V
1237 846 1511 890 AVGVSTENSI

954 928 1166 964 CONCINNA
1197 926 1444 963 DESCRIPTIO

452 1007 584 1033 REBVS
618 1007 748 1032 ETIAM
781 1006 1070 1033 EXTERNARVM
1104 1006 1294 1032 GENTIVM
1326 1005 1419 1036 QVAE
1452 1005 1632 1031 INTERIM
1665 1004 1810 1030 GESTAE
1845 1004 1952 1031 SVNT
2069 1002 2085 1027 5

855 1064 938 1089 CVM
970 1063 1212 1088 ELEGANTIA
1252 1061 1548 1087 INTERSERTIS.

1079 1129 1126 1159 M.
1137 1129 1180 1159 D.
1193 1128 1324 1159 XVIII.

700 1301 922 1337 conssAnvs
964 1299 1167 1337 ADELMAN
1210 1299 1262 1336 DE
1308 1273 1720 1336 ADELMANSFELDEN

914 1391 1155 1417 CANONICVS
1199 1390 1494 1416 AVGVSTENSIS

822 1470 1078 1496 REVERENDO
1111 1470 1163 1495 Ac
1195 1469 1580 1498 PRAESTANTISSIMO
2074 1466 2102 1492 ιο

929 1535 1088 1568 PAVLO
1114 1536 1178 1568 DE
1206 1535 1478 1567 OBERSTAIN

624 1617 876 1643 PRAEPoslTo
907 1617 1137 1643 VIENNENSI
1170 1616 1372 1642 OAESAREO
1408 1615 1682 1642 CONSILIARIO
1716 1603 1782 1642 &a

1102 1695 1307 1722 SALVTEM.

463 1799 523 1834 Vir
555 1799 798 1838 ornatissime,
831 1798 921 1834 alter
952 1798 1179 1834 literatorum
1210 1798 1402 1837 Mecoenas,
1442 1797 1526 1833 Cum
1565 1797 1654 1834 tanti
1684 1803 1881 1833 conventus
1911 1796 2059 1834 celebri-

351 1860 574 1891 tatein'aetas
607 1861 730 1890 nostra
761 1857 932 1902 Augustae
964 1854 1226 1890 Vindelicorum
1258 1854 1404 1894 viderit,
1438 1854 1537 1901 queri
1569 1859 1666 1890 certe
1696 1865 1767 1890 non
1797 1853 1972 1890 immerito
1995 1863 2111 1902 po-ia.

350 1917 525 1951 teramus,
559 1911 587 1946 si
619 1923 657 1947 ea
689 1911 741 1947 vel
775 1912 990 1959 scriptorum
1024 1911 1151 1946 inertia
1182 1910 1235 1946 vel
1270 1917 1468 1958 temporum
1508 1910 1674 1950 avaritia,
1716 1921 1947 1958 qua-omnes
1986 1910 2060 1947 fere

350 1981 367 2003 a
400 1968 526 2002 studiis
558 1968 802 2008 deterremur,
836 1967 1017 2004 memoriae
1051 1967 1177 2002 tradita
1209 1962 1279 2003 non
1302 1967 1441 2002 suisset.
1483 1972 1518 2002 et
1540 1967 1707 2002 nimirum
1729 1966 1960 2014 contigisset,
1992 1966 2060 2002 nisi
2108 1982 2110 2014 ι

351 2025 565 2059 Ricrliardus
596 2022 825 2059 Bartholinus
856 2030 999 2065 noster,
1038 2024 1092 2059 vir
1122 2024 1281 2072 impensa
1312 2023 1514 2059 eruditione
1552 2022 1792 2065 clarissimus,
1842 2022 2060 2071 quotidianis
2108 2030 2110 2035 ⁴

349 2093 365 2114 a
400 2092 453 2116 inc
485 2081 651 2128 precibus
683 2080 871 2117 lacessitus
902 2081 975 2116 Divi
1006 2080 1155 2116 Caesaris
1187 2092 1227 2116 ac
1256 2079 1458 2128 principum
1489 2084 1697 2116 nostrorum
1729 2080 1911 2116 memoriae
1932 2091 2061 2117 consu·
2131 2122 2133 2125 ¹

351 2136 486 2172 luisset.
538 2149 731 2184 aggressus
764 2143 818 2173 est
849 2149 936 2184 ergo
968 2138 1062 2173 hunc
1093 2142 1324 2176 conventum,
1356 2136 1498 2172 concise
1530 2142 1667 2176 tamen,
1700 2142 1740 2172 ut
1771 2136 1847 2184 ipse
1879 2136 1946 2177 ait,
1979 2148 2058 2172 nam
2071 2145 2102 2171 20
2128 2139 2133 2143 ”

350 2193 378 2227 vi
414 2193 530 2228 omnia
564 2194 805 2241 prosequendi
839 2194 873 2229 in
905 2194 1022 2230 animo
1054 2205 1126 2229 non
1158 2193 1244 2232 suit,
1278 2193 1339 2228 scd
1371 2192 1419 2228 ita
1451 2192 1613 2240 scripsit,
1646 2198 1685 2228 ut
1716 2192 1806 2228 nihil
1828 2192 2004 2229 eruditius
2025 2198 2061 2229 et

350 2249 550 2296 elegantius
583 2249 651 2296 legi
684 2251 811 2297 possit.
872 2250 903 2285 Is
935 2262 1013 2286 cum
1047 2262 1129 2286 suas
1160 2249 1428 2286 lucubrationes
1459 2250 1501 2285 ad
1529 2260 1583 2285 me
1606 2249 1783 2290 misisset,
1816 2254 1923 2297 atque
1945 2249 2062 2286 obiter

352 2311 476 2352 postca
507 2306 550 2340 do
584 2311 641 2340 tua
674 2318 756 2353 erga
790 2318 826 2342 sc
859 2306 1034 2354 singulari
1065 2306 1305 2342 benivolentia
1336 2305 1446 2341 multa
1485 2305 1570 2341 mihi
1610 2305 1809 2346 retulisset,
1843 2300 1968 2342 ¹statim
2009 2305 2062 2342 in-

353 2361 470 2397 tellexi
505 2361 569 2396 sibi
603 2362 795 2397 iucundum
828 2363 923 2402 sore,
957 2363 986 2398 si
1018 2363 1081 2398 tilii
1113 2363 1178 2399 hos
1211 2375 1297 2398 suos
1328 2361 1645 2398 commentariolos
1677 2362 1890 2399 dedicarem.
1931 2362 2060 2410 Accipe

351 2418 464 2463 igitur
495 2418 561 2453 hoc
593 2418 859 2458 munusculum,
901 2430 972 2453 non
1005 2424 1073 2454 tam
1106 2432 1124 2455 a
1154 2431 1227 2459 mc,
1268 2431 1373 2466 quam
1404 2430 1421 2454 a
1452 2418 1647 2455 Ricchardo
1680 2419 1759 2466 ipso
1792 2418 1855 2454 tibi
1887 2418 2058 2459 oblatum,
2072 2428 2100 2455 25
2132 2412 2133 2416 ¹

351 2486 513 2521 rogoque
546 2479 604 2517 iit,
647 2475 942 2521 quemadmoduni
982 2481 1017 2511 ct
1057 2481 1126 2511 tuae
1158 2475 1389 2511 humanitatis
1421 2474 1575 2511 officium
1615 2480 1690 2515 est,
1730 2481 1765 2511 et
1803 2487 1867 2511 sua
1903 2478 2062 2511 meretur

350 2530 463 2565 virtus
495 2542 534 2565 ac
565 2531 746 2571 doctrina,
781 2528 826 2567 ita
859 2531 967 2567 solito
999 2532 1115 2579 ipsum
1154 2531 1354 2579 patrocinio
1393 2532 1486 2580 apud
1518 2533 1692 2568 Caesarem
1724 2537 1888 2568 nostrum
1920 2531 2080 2580 semper‘

351 2592 543 2633 augusuim
575 2593 610 2622 vt
641 2588 760 2624 fovere
792 2593 827 2623 ct
858 2587 1021 2635 amplecti
1054 2587 1150 2623 velis.
1184 2587 1276 2624 Vale.

442 2719 467 2738 ¹⁴²
492 2720 664 2751 Vicncnsi
686 2722 756 2751 1.2.
807 2719 833 2739 ¹³
858 2720 1046 2755 litttrntuzfi
1061 2723 1092 2752 2.
1141 2722 1347 2760 Mecoenas,
1373 2725 1406 2752 ut
1432 2725 1497 2752 tum
1520 2720 1681 2757 solebant,
1708 2721 1785 2754 edd.
1834 2720 2006 2761 §neaman
2024 2722 2056 2751 2.

352 2775 426 2810 (crte
452 2788 629 2818 operarum
656 2787 776 2808 errore
798 2788 863 2818 pro
892 2776 983 2817 oecc)
1045 2776 1071 2796 ¹⁴
1097 2784 1164 2812 etus
1190 2781 1221 2809 2.
1254 2782 1287 2809 ιιι
1312 2778 1495 2818 swpissime
1521 2788 1535 2810 t
1556 2788 1621 2818 pro
1654 2786 1688 2811 ue
1719 2777 1809 2819 quod
1832 2779 1864 2808 in
1895 2787 1969 2819 sqq.
1994 2786 2058 2808 non
2112 2814 2114 2820 .

351 2832 529 2864 adnotabo.
577 2832 606 2852 ²5
630 2831 782 2873 offitium
809 2836 840 2864 2.
889 2832 917 2852 ²⁷
942 2833 1032 2867 vdit.
1051 2836 1083 2866 2.
