2133 3585
364 235 374 279 l
392 235 452 280 30
481 254 641 276 nvr'rssm
663 253 708 274 Al»
728 251 922 273 Pmuelriss
938 250 1049 272 GERM.
1065 250 1110 272 VT
1126 248 1273 271 BELLvM
1293 248 1424 270 TVRCIS
1446 246 1631 268 lul-*ERANT
1650 233 2069 277 EXHORTATOBIA.(1518.)

357 359 472 402 cerit,
506 357 614 407 quasi
647 357 773 406 prisca
806 354 962 392 desierit.
993 354 1127 390 virtus.
1188 350 1315 389 Nolite
1347 350 1483 399 igitur,
1517 362 1539 386 o
1571 348 1790 399 principes,
1831 349 1903 397 ipsi
1935 348 2072 399 despe-

358 438 445 463 rare
476 436 564 467 vos,
605 423 651 460 de
691 421 832 471 quibus
873 421 1016 470 optime
1048 431 1118 457 nos
1150 429 1373 468 speramus:
1416 416 1532 454 nolite
1572 418 1644 454 ista
1683 420 1761 453 tam
1802 420 1954 465 vegeta,
1993 421 2072 454 tam

358 491 457 530 bene
487 490 667 529 habentia
700 502 743 526 ac
777 489 988 538 composita
1020 487 1229 537 repudiare
1260 483 1436 522 membra
1475 496 1519 521 ac
1550 483 1801 533 peregrinum
1833 482 1986 521 aliunde
2018 487 2073 521 at-

358 559 539 601 trudere;
572 557 691 595 nolite
724 568 810 593 cum
843 560 898 592 tot
927 555 1003 592 sint
1034 555 1070 592 in
1103 553 1309 591 Germania
1342 551 1543 588 fortissimi
1573 563 1617 588 ac
1640 549 1873 588 nobilissimi
1902 551 2073 593 invenes,

361 631 415 663 tot
446 626 598 675 optimae
630 625 712 674 spei
744 622 1029 665 adolescentes,
1064 626 1266 669 externum
1299 630 1486 667 arrogare
1517 618 1756 667 principem,
1789 616 1827 654 id
1851 621 1908 654 est
1929 621 2104 654 carneo-'¹

361 705 405 730 ac
435 704 526 731 vero
559 692 715 741 corpori
748 703 838 727 suos
869 689 1089 727 subducere
1121 688 1239 737 pedes
1271 690 1335 724 aut
1366 697 1522 729 manus,
1563 689 1600 723 et
1637 684 1787 734 ligneos
1826 688 1893 721 aut
1923 683 2075 722 suberi-

269 766 357 795 ΜΠ.
377 772 448 798 nos
479 771 522 797 ac
551 759 660 796 fictos
692 769 903 807 apponere.
967 756 1076 800 Quod
1109 756 1140 792 si
1172 755 1235 805 qui
1266 758 1356 791 sunt
1388 754 1452 802 qui
1482 764 1560 790 non
1590 752 1793 790 admittant
1815 750 2017 789 consilium
2041 754 2077 788 et

361 826 502 877 quibus
533 826 661 863 omnia
693 824 811 862 libeat
841 825 1056 867 invertere,
1097 822 1156 859 his
1189 835 1260 871 ego
1293 833 1381 858 cum
1414 821 1620 857 innocente
1658 819 1733 857 hoc
1764 817 2024 857 Maximiliano
2056 830 2077 855 a

362 895 434 932 diis
465 891 751 930 immortalibus
783 890 887 928 illum
922 903 1036 940 quem
1069 894 1272 939 tantopere
1304 889 1485 926 affectant
1517 891 1720 925 externum
1757 886 1957 924 dominum
1988 896 2078 936 pre-

363 960 504 1003 cabor,
553 964 593 997 ut
631 959 739 997 istam
781 959 835 996 eis
865 963 1146 1008 praeposteram
1178 955 1397 993 libertatem
1429 955 1468 991 in
1500 953 1789 992 acerbissimam
1831 966 1874 991 ac
1911 952 2123 1002 ignomi-lo

363 1028 621 1065 niosissimam
654 1025 964 1074 subiugatiomnn
996 1028 1137 1062 vertat:
1171 1024 1345 1077 iniquum
1376 1027 1433 1060 est
1456 1023 1558 1060 enim
1580 1020 1675 1059 illud
1697 1020 1836 1058 borum
1861 1018 2077 1064 consilium,

363 1095 555 1132 lwt'arium
588 1098 624 1130 et
655 1092 863 1130 scelestum
895 1105 939 1129 ac
972 1103 1121 1129 summe
1152 1090 1429 1140 perniciosum.
1483 1101 1580 1139 quos
1612 1089 1645 1127 si
1675 1086 1750 1126 ulla
1774 1088 1925 1125 virtutis
1946 1099 2080 1126 recor-

367 1162 467 1199 datio
500 1164 650 1208 ageret,
694 1160 727 1197 id
762 1164 818 1196 est
849 1161 879 1196 si
913 1171 1000 1196 vere
1032 1158 1215 1196 Giinanani
1256 1162 1403 1200 essent,
1446 1156 1544 1194 mori
1585 1160 1673 1194 ante
1713 1155 1842 1193 decuit
1879 1167 1995 1205 quam
2035 1143 2114 1193 eo·

275 1234 360 1264 §.ivs
381 1232 615 1277 cogerentur
648 1239 723 1276 quo
756 1239 795 1263 se
825 1226 925 1263 ultro
958 1237 1061 1263 nunc
1092 1225 1306 1262 intrudunt.
1370 1223 1445 1262 Sed
1489 1224 1627 1261 missos
1666 1223 1852 1261 faciamus
1891 1221 1962 1260 lios
1993 1234 2082 1260 cum

366 1297 445 1333 suis
477 1292 775 1344 cogitationibus
807 1294 958 1342 ineptos
990 1291 1246 1330 consultores.
1299 1291 1392 1335 Vos,
1425 1291 1644 1341 principeS,
1679 1290 1782 1340 quod
1804 1289 1985 1339 pluribus
2007 1289 2130 1327 sor-1⁵

366 1369 465 1400 tasse
499 1373 612 1412 quam
645 1360 816 1409 oportuit
848 1359 927 1408 egi,
969 1360 1056 1409 quia
1096 1363 1361 1409 opportunum
1403 1363 1477 1403 est,
1520 1358 1607 1408 quia
1647 1368 1807 1395 necesse
1836 1362 1896 1411 >est
1927 1362 1965 1395 et
1996 1358 2084 1407 quia

367 1429 514 1467 dill'erri
545 1440 623 1466 non
655 1431 784 1477 potest
817 1430 852 1463 ut
887 1431 1021 1463 contra
1055 1426 1202 1463 'Furcas
1234 1438 1342 1463 arma
1373 1430 1577 1463 sumantur
1615 1425 1691 1463 hoc
1729 1429 1929 1474 tempore,
1970 1430 2085 1476 atque

368 1497 402 1534 id
437 1496 508 1533 alio
542 1508 619 1533 non
651 1495 715 1532 fiet
747 1492 908 1531 consilio
941 1506 1055 1542 quam
1088 1493 1117 1530 si
1149 1506 1215 1531 vos
1247 1505 1496 1531 connnunem
1528 1491 1807 1543 amplexemini
1835 1492 2085 1531 concordiam

371 1577 413 1601 ac
446 1564 609 1600 invicem
641 1561 808 1604 redeatis
840 1561 877 1597 in
911 1561 1099 1608 gratiam,
1133 1561 1254 1609 agite,
1286 1559 1513 1598 nobilissimi
1536 1572 1743 1611 proceres,
1778 1559 1977 1598 fortissimi
1999 1560 2083 1604 viri,

370 1629 500 1680 proles
531 1628 869 1671 Fridericliorum,
912 1639 1037 1680 genus
1069 1626 1286 1670 Othonum,
1331 1628 1487 1677 sanguis
1528 1627 1841 1670 Henricborum‚
1880 1628 2132 1678 posteritas²⁰

278 1703 367 1734 §.17st
391 1695 637 1736 Carolorum,
679 1696 798 1744 agite,
844 1695 1023 1744 inquam,
1067 1694 1190 1731 redite
1221 1694 1258 1730 in
1291 1695 1471 1743 gratiam!
1512 1694 1623 1733 facile
1655 1694 1729 1732 hoc
1760 1694 1870 1733 vobis
1902 1699 1976 1739 est,
2018 1694 2086 1732 sed

371 1776 592 1813 ‹pianquam
626 1762 754 1801 facile.
788 1762 836 1799 ita
871 1767 997 1799 tamen
1030 1760 1196 1798 salutare
1229 1761 1414 1809 imperio,
1455 1762 1589 1810 patria}
1629 1774 1673 1799 ac
1705 1761 1931 1800 Christianis
1963 1762 2087 1799 omni-

370 1831 462 1875 hus,
495 1836 535 1868 ut
567 1831 676 1868 istam
708 1830 737 1867 si
762 1829 868 1866 vobis
902 1828 1016 1879 (quod
1041 1828 1169 1879 spero)
1204 1827 1453 1865 concordiam
1482 1828 1802 1874 deus-indiderit,
1835 1830 1919 1868 iure
1942 1830 2087 1880 optimo

372 1910 617 1936 connnunem
649 1896 812 1934 salutem
846 1894 1043 1945 appellare
1076 1894 1199 1933 liceat.
1262 1894 1308 1932 Et
1350 1896 1587 1932 cunctamini
1625 1907 1670 1934 ac
1708 1900 1832 1935 totum
1871 1896 2017 1935 bouum
2048 1897 2087 1934 in

372 1965 542 2002 medium
575 1964 667 2002 dare
699 1963 757 2001 vel
788 1968 1028 2001 momentum
1061 1961 1244 1999 differtis?
1276 1962 1367 2011 quin
1399 1974 1466 1999 vos
1498 1974 1653 2001 omnem
1684 1963 1747 2002 liic
1777 1976 1928 2007 moram
1959 1965 2087 2003 odisse
2103 1972 2128 1998 Ἡ

374 2033 498 2075 iuvat,
533 2036 569 2069 ct
600 2031 802 2069 confestim
835 2029 1016 2067 omnibus
1048 2029 1230 2073 salutem,
1270 2028 1378 2079 vpbis
1410 2030 1523 2067 etiam
1553 2029 1707 2068 laudem
1747 2044 1791 2069 ac
1830 2031 1992 2081 gloriam
2024 2044 2090 2082 pa·
2132 2072 2133 2075 ,

282 2108 369 2139 §.iso
388 2111 498 2137 rere:
531 2103 673 2146 urgent
704 2110 769 2136 vos
801 2098 1003 2135 bominum
1037 2097 1259 2147 desyderia,
1288 2096 1452 2147 impellit
1482 2096 1640 2147 publica
1672 2099 1892 2136 necessitas.
1944 2100 2000 2136 An
2023 2097 2091 2137 ali-

374 2167 460 2215 quis
490 2171 659 2203 vestrum
694 2170 750 2203 cst
780 2165 890 2202 cuius
921 2164 1081 2202 auribus
1114 2176 1192 2201 non
1222 2165 1469 2201 insonuerint
1512 2165 1582 2203 ista
1622 2164 1828 2215 ‘Respicite
1860 2178 1951 2210 nos,
1984 2167 2092 2217 prin-

376 2234 500 2282 cipes,
534 2232 728 2270 defendite
761 2233 938 2269 fortunas
971 2237 1144 2276 nostras,
1186 2236 1413 2270 conservate
1453 2231 1698 2281 dignitatem,
1741 2231 1921 2282 depellite
1957 2234 2092 2273 interi-

375 2299 495 2337 tum'Y
545 2299 647 2348 Ergo
693 2300 792 2347 agite
834 2312 877 2335 ex
918 2298 982 2336 illo
1023 2298 1193 2337 obscuro
1241 2299 1397 2337 desidite
1446 2312 1490 2337 ac
1541 2301 1797 2338 cunctationis
1846 2312 2005 2340 carcere
2050 2302 2121 2339 ina

285 2367 699 2416 §.istpatentissinmm
731 2378 830 2403 vera»
862 2365 994 2414 glorize
1026 2379 1207 2417 campum
1241 2366 1452 2416 erumpite!
1485 2367 1612 2417 Prope
1643 2367 1763 2406 hostis
1795 2372 1868 2412 est,
1902 2379 1979 2406 non
2002 2360 2094 2406 con-

379 2432 610 2471 tenmendus
641 2432 722 2475 ille,
766 2445 813 2470 ne
845 2433 1101 2482 negligendus
1132 2434 1288 2483 quidem
1320 2439 1385 2472 aut
1416 2446 1492 2471 non
1524 2434 1675 2483 magnis
1706 2434 1957 2484 apparatibus
1993 2436 2095 2474 exci-
2131 2450 2133 2486 ι

379 2500 560 2549 piendus,
596 2500 658 2549 qui
692 2512 778 2537 cum
812 2501 910 2538 intra
944 2501 1095 2545 Asiam,
1131 2513 1245 2551 quam
1278 2501 1520 2553 possidebat,
1555 2502 1756 2539 continere
1789 2513 1929 2540 senon
1952 2507 2094 2552 posset,
2129 2511 2133 2554 ἦ

380 2566 517 2604 bonam
552 2566 719 2615 lim-opio
751 2572 898 2615 partem
933 2569 1096 2617 imperio
1129 2580 1198 2605 suo
1238 2568 1431 2613 adiunxit,
1472 2568 1559 2606 inde
1599 2581 1755 2606 rursum
1797 2569 1936 2619 quietis
1975 2571 2095 2621 impa-
2125 2532 2133 2622 li

380 2634 509 2670 tic-ntia
541 2634 707 2670 Africam
742 2635 875 2671 invasit
906 2648 947 2671 ac
982 2635 1097 2673 veluti
1128 2637 1307 2673 immanis
1330 2635 1450 2675 bestia
1474 2635 1687 2673 humanum
1710 2636 1843 2674 sitiens
1864 2623 2133 2686 sanguinemfl

380 2699 524 2736 devicta
558 2700 666 2750 Syria
707 2705 743 2737 et
781 2702 962 2750 quicquid
1005 2703 1106 2740 iuxta
1148 2702 1359 2741 Sultlianus
1398 2702 1641 2753 possidebat,
1683 2702 1797 2740 simul
1835 2704 2009 2755 Aegypto
2049 2703 2096 2742 ad
2122 2688 2133 2743 l]

380 2767 510 2813 iugum
544 2767 671 2811 duda,
705 2780 838 2805 omues
871 2769 906 2804 in
942 2781 1011 2806 nos
1044 2770 1297 2819 cogitationes
1329 2783 1373 2808 ac
1405 2770 1623 2808 universam
1657 2769 1745 2807 belli
1770 2770 1911 2809 molem
1935 2783 2096 2809 conver·
2121 2752 2133 2818 l

382 2839 465 2870 tens
497 2833 643 2871 cladem
677 2834 814 2877 ltalia·,
848 2836 1061 2873 xastitatmn
1094 2837 1323 2881 Pannoniis,
1368 2837 1516 2887 lllyrico
1557 2849 1601 2874 ac
1640 2838 1858 2882 Sarmatiw,
1898 2823 2096 2887 postremo
2120 2820 2127 2893 l,

291 2899 507 2942 §.sanabis
550 2913 704 2950 quoque
746 2901 960 2951 periculum
1003 2905 1177 2953 intenta-t.
1239 2904 1335 2942 lluic
1377 2904 1440 2942 tali
1480 2909 1555 2941 tam
1598 2904 1753 2942 furiosae
1785 2903 1910 2943 beliue
1941 2906 1995 2943 sic
2027 2898 2133 2967 nos}

474 3037 485 3052 ὃ
512 3034 627 3065 libeat
651 3046 740 3065 corr.
762 3039 798 3064 ΙΙ.
827 3034 913 3064 lilwt
947 3038 971 3065 l.
988 3039 1017 3066 2.
1092 3036 1116 3056 ¹¹
1144 3038 1287 3068 missum
1314 3039 1390 3068 edd.
1469 3036 1495 3056 Ἢ
1522 3041 1661 3069 tautum
1682 3042 1713 3069 2.
1739 3041 1801 3070 sed
1823 3043 1861 3069 ΙΙ.
1888 3050 1979 3070 corr.
2007 3043 2040 3070 nt
2067 3041 2096 3072 1.

382 3088 480 3119 hahet
506 3093 619 3120 totum
690 3090 717 3109 ²⁰
743 3094 778 3120 ct
804 3093 950 3120 (·(tl·1'.ll.
980 3103 1022 3121 ac
1053 3094 1122 3122 J.2.
1194 3092 1224 3111 ³0
1250 3105 1291 3124 ae
1314 3096 1384 3124 1.2.
1414 3097 1450 3124 et
1475 3097 1512 3124 ΙΙ.
1584 3093 1609 3112 ³¹³
1638 3094 1768 3126 bellum
1795 3097 1828 3126 4.
