2133 3585
1757 237 1853 283 509

858 705 886 735 A
902 705 932 735 D
948 688 978 735 D
994 704 1022 735 E
1038 703 1067 734 N
1082 704 1113 734 D
1129 703 1158 734 A
1407 699 1452 732 ad
1477 699 1547 732 vol.
1568 700 1613 731 11.
1633 710 1716 742 pag.
1736 698 1811 732 428.

309 766 486 798 ERAsMI
514 767 619 798 Ro'r.
647 767 710 798 AD
737 765 1056 814 MERcvaLM
1085 763 1419 796 oA'r'riNAfflVM
1446 762 1695 794 EPISTVLA.

776 909 1197 961 CCCLXXVHI.
1214 909 1238 936 2³<
1553 924 1596 949 29.
1761 925 1839 974 1526.ι

264 1030 297 1064 S.
320 1030 356 1064 P.
380 1029 607 1065 (Ielsitudinis
640 1035 708 1065 tuae
739 1029 879 1065 litteras
909 1033 964 1067 28.
998 1026 1157 1063 octobris
1189 1025 1288 1060 datas
1319 1022 1437 1070 recepi
1475 1022 1540 1058 sub
1580 1022 1682 1058 linem
1713 1022 1857 1070 Aprilis.

125 1086 324 1134 5Equidem
357 1098 422 1134 pro
453 1086 647 1133 diplomate
681 1087 868 1134 impetrato
900 1086 1049 1133 gratiam
1083 1083 1193 1118 habeo
1226 1080 1410 1116 maximam
1442 1085 1477 1114 et
1498 1079 1667 1115 Caesareae
1688 1079 1860 1115 Maiestati

151 1149 187 1177 et
219 1149 286 1179 tuze
320 1143 351 1177 in
386 1154 439 1177 me
471 1142 749 1190 lwnevolentiae,
790 1154 993 1191 quanquam
1031 1139 1119 1176 nibil
1159 1152 1201 1174 eo
1233 1137 1434 1185 profectum
1466 1142 1536 1175 est,
1576 1137 1642 1171 nisi
1675 1136 1768 1183 quod
1800 1137 1860 1170 iri-

155 1199 216 1234 tati
248 1199 441 1234 crabrones
474 1200 590 1234 acrius
621 1200 782 1235 sfeviunt.
843 1200 911 1235 Nec
942 1197 1127 1247 pensionis
1161 1195 1230 1231 ulla
1252 1206 1334 1242 spes
1357 1193 1578 1233 ostenditur,
1612 1192 1679 1227 nisi
1702 1204 1858 1232 reverso,

152 1267 262 1302 eaque
294 1267 444 1303 prorsus
477 1256 624 1291 incerta.
685 1257 791 1303 Atqui
832 1257 859 1291 si
900 1255 1046 1291 morbus
1083 1264 1154 1288 non
1194 1251 1279 1286 satis
1318 1255 1461 1285 excusat
1499 1260 1611 1285 meam
1652 1249 1859 1288 absentiam,

151 1319 247 1347 certe
280 1324 335 1347 res
370 1313 402 1347 in
426 1312 610 1347 Germania
633 1318 744 1359 gesta:
766 1312 942 1348 debebant
973 1325 991 1347 a
1021 1312 1148 1347 damno
1182 1308 1367 1343 vindicare.
1428 1305 1612 1342 Declarant
1643 1317 1721 1341 esse
1752 1306 1862 1341 veris-

109 1369 281 1404 ¹⁰simum
314 1369 407 1416 quod
439 1369 570 1409 dicam,
603 1369 862 1404 Luteranorum
896 1369 928 1403 in
961 1380 1014 1403 me
1047 1366 1227 1403 fremitus,
1260 1363 1477 1411 profitentur
1507 1368 1542 1398 et
1572 1362 1791 1410 exprobrant
1820 1361 1862 1397 li-

152 1424 254 1460 bellis
288 1425 449 1463 rabiosis,
483 1431 617 1472 prieter
647 1425 736 1461 alios
759 1426 954 1462 Huttenus.
989 1424 1081 1459 Otho
1104 1421 1369 1459 Brunsfeldius‚
1402 1425 1587 1467 postremo
1610 1420 1763 1454 Luterus
1786 1419 1861 1466 ipse

152 1482 211 1528 qui
244 1482 339 1517 iusto
371 1481 550 1517 volumine
583 1482 768 1529 respondit
800 1494 887 1517 mese
928 1480 1110 1517 diatribae,
1151 1478 1211 1513 sed
1252 1478 1301 1512 sic
1342 1482 1381 1511 ut
1420 1476 1569 1511 antehac
1611 1476 1644 1510 in
1683 1476 1860 1511 neminem

151 1538 336 1585 scripserit
367 1537 552 1578 hostilius,
584 1539 759 1574 neminem
793 1539 954 1573 extitisse
987 1538 1046 1584 qui
1078 1535 1189 1582 magis
1221 1533 1404 1569 obstiterit
1426 1532 1635 1580 Evangelio,
1669 1532 1717 1567 sic
1741 1531 1862 1581 appel-

154 1593 226 1629 lant
258 1595 409 1630 lieresim
441 1606 559 1634 suam,
593 1607 697 1642 quam
729 1596 906 1630 Erasmus.
969 1595 1139 1630 Fatentur
1171 1591 1237 1625 lioc
1267 1589 1507 1624 cordatissimi
1531 1590 1662 1636 quique
1684 1600 1862 1624 nemmem

109 1655 138 1679 ¹1»
155 1652 268 1697 magis
301 1651 452 1697 fregisse
485 1651 634 1698 spiritus
666 1652 928 1687 Luteranorum
959 1662 1064 1698 quam
1096 1660 1161 1684 me.
1222 1647 1290 1682 Nec
1323 1646 1462 1681 interim
1493 1656 1734 1681 commemoro
1757 1657 1863 1692 quam

151 1707 282 1742 multos
314 1708 460 1743 secretis
491 1707 683 1755 colloquiis
714 1714 774 1743 aut
806 1707 969 1756 epistolis
1009 1706 1061 1741 vel
1103 1704 1296 1740 revocarim
1334 1702 1521 1741 seductos,
1561 1701 1612 1737 vel
1654 1702 1862 1737 retinuerim

151 1763 366 1799 vacillantes.
428 1764 469 1799 Et
501 1764 575 1800 lnec
615 1765 727 1800 audeo
767 1766 800 1799 in
839 1776 878 1800 ea
910 1764 1105 1799 Gorinaniae
1144 1766 1263 1809 parte,
1305 1760 1338 1794 in
1376 1759 1478 1794 cuius
1517 1758 1672 1794 confinio
1714 1759 1862 1794 maxime

150 1827 276 1867 regnat
308 1821 426 1856 factio.
489 1820 626 1856 Utinam
657 1821 773 1857 Ciesar
804 1826 993 1869 pernosset
1024 1830 1164 1855 omnem
1196 1816 1335 1863 negocii
1367 1822 1518 1851 statum:
1558 1827 1630 1851 non
1662 1815 1778 1850 solum
1811 1816 1863 1850 iu-

150 1877 286 1913 dicaret
317 1889 370 1912 me
403 1877 585 1923 indignum
618 1878 676 1925 qui
711 1878 854 1913 frauder
884 1878 1078 1925 pensione,
1117 1875 1178 1909 sed
1217 1874 1312 1908 ultro
1353 1873 1486 1907 maiora
1524 1873 1680 1907 deferret
1720 1875 1863 1919 praemia

108 1941 141 1964 ‘20
155 1945 285 1981 magno
316 1934 444 1981 capitis
476 1933 635 1981 periculo
667 1946 746 1970 cum
778 1935 917 1982 potenti
952 1934 1105 1969 factione
1136 1929 1367 1978 depugnanti.
1419 1930 1469 1964 Ac
1499 1929 1584 1963 milii
1617 1928 1758 1976 quidem
1790 1929 1863 1963 suf-

152 1991 223 2026 licit
255 1990 346 2026 bona
377 1991 593 2026 conscientia
627 1996 661 2026 et
693 1991 919 2038 praemiorum
952 1989 1106 2037 largitor
1136 1987 1316 2026 Christus,
1350 1997 1455 2032 quem
1486 1986 1526 2020 ad
1558 1987 1701 2020 modum
1723 1985 1779 2032 pie
1804 1991 1863 2020 tua

152 2052 274 2083 monet
305 2047 514 2094 prudentia,
547 2048 607 2082 scd
641 2048 783 2083 interim
814 2060 831 2082 a
864 2053 966 2094 tergo
998 2047 1191 2083 confossus
1223 2056 1241 2079 a
1273 2039 1357 2079 meae
1388 2043 1501 2089 partis
1532 2041 1759 2081 hominibus,
1792 2052 1863 2076 non

151 2104 313 2139 sustineo
345 2104 412 2138 vim
444 2109 480 2139 et
510 2104 680 2151 impetum
713 2105 1008 2140 adversariorum.
1069 2103 1237 2138 Latonius
1270 2100 1336 2135 iam
1367 2099 1505 2146 pridem
1536 2098 1748 2146 implacabili
1781 2098 1863 2134 odio

152 2159 309 2200 laborat,
345 2166 417 2195 tum
449 2161 484 2195 in
516 2172 571 2196 me
604 2166 678 2196 tum
711 2162 745 2196 in
778 2161 888 2195 bonas
920 2161 1068 2195 litteras.
1130 2160 1160 2194 ls
1193 2157 1340 2203 instigat
1370 2156 1539 2192 decanum
1572 2161 1607 2190 et
1638 2155 1740 2194 alios,
1772 2166 1864 2202 prae-

107 2222 139 2246 '25
155 2217 276 2252 sertim
319 2216 531 2257 monachos,
574 2229 726 2264 quorum
766 2217 1009 2253 immoderatis
1047 2214 1232 2252 affectibus
1271 2213 1338 2248 nisi
1378 2212 1649 2247 monarelnirum
1690 2212 1863 2259 sapientia

153 2273 276 2309 frenos
308 2273 489 2312 iniecerit,
530 2280 626 2309 recta
660 2274 804 2309 tendent
836 2275 869 2308 in
902 2274 1033 2309 exitum
1065 2273 1269 2319 linguarum
1301 2281 1339 2304 ac
1371 2269 1552 2316 politioris
1584 2268 1796 2304 litteraturae
1829 2274 1864 2303 et

152 2329 218 2365 sub
241 2330 405 2377 specioso
438 2329 543 2365 titulo
576 2331 752 2367 laedentur
782 2331 928 2366 innoxii.
979 2330 1023 2365 Ea
1057 2342 1113 2365 res
1144 2332 1386 2376 praeterquam
1418 2327 1513 2373 quod
1544 2325 1766 2372 iniquissima
1798 2331 1863 2364 est,

151 2386 365 2422 corroborat
396 2386 501 2421 etiam
534 2387 668 2434 parteis
700 2387 820 2422 Luteri
861 2392 896 2422 et
933 2398 997 2434 pro
1028 2387 1160 2422 Lutero
1192 2388 1329 2430 pugnat
1362 2382 1523 2430 quisquis
1555 2393 1648 2417 nunc
1680 2383 1865 2430 impugnat

153 2441 350 2478 Erasmum.
410 2443 668 2490 providendum
699 2450 734 2479 et
766 2444 833 2479 hoc
864 2443 1108 2491 principibus,
1151 2447 1190 2478 ut
1233 2451 1416 2487 oppressa).
1449 2439 1612 2475 factionis
1644 2439 1761 2485 gloria
1792 2450 1863 2474 non

107 2504 138 2529 :30
154 2499 256 2535 cedat
287 2499 321 2534 in
353 2499 542 2535 utilitatem
577 2500 817 2547 quorundam,
851 2500 910 2547 qui
943 2511 1045 2535 suum
1076 2505 1187 2547 agunt
1217 2496 1427 2544 negocium,
1460 2497 1521 2532 sed
1552 2498 1585 2531 in
1608 2495 1785 2543 publicam
1808 2507 1863 2531 ec-

152 2621 251 2652 Inter
277 2620 370 2652 alias
397 2621 514 2652 adhuc
541 2622 698 2653 ineditas
724 2622 865 2653 Erasmi
892 2622 1114 2664 aliorumque
1141 2620 1335 2662 epistulaS‚
1373 2629 1460 2660 quas
1487 2629 1508 2650 a
1533 2629 1566 2650 v.
1595 2618 1639 2649 el.
1667 2618 1864 2650 Huebnero

151 2677 392 2718 transcriptas
418 2677 627 2709 Theodorus
652 2678 893 2713 Mommsenus
920 2689 1059 2710 mecum
1085 2677 1383 2716 communicavit,
1410 2676 1503 2707 hanc
1529 2676 1730 2706 Huttenum
1756 2676 1864 2706 etiam

153 2736 428 2773 memorantem,
463 2737 577 2766 totam
602 2735 745 2765 Erasmi
772 2745 879 2766 manu
905 2736 1099 2777 scriptam,
1127 2734 1297 2766 exhibere
1323 2734 1438 2765 visum
1472 2735 1543 2772 est,
1577 2742 1655 2763 cum
1680 2742 1755 2774 prae
1782 2732 1865 2763 aliis

153 2788 333 2820 hominem
366 2790 440 2822 suis
468 2791 648 2822 coloribus
675 2791 862 2833 depingat.
911 2792 1024 2823 Extat
1049 2791 1196 2823 Mam-iti
1222 2791 1315 2822 inter
1343 2790 1476 2821 φανίας
1501 2790 1542 2821 de
1566 2800 1707 2820 varones
1733 2791 1866 2820 ilustres

153 2845 208 2876 del
222 2847 305 2887 siylo
323 2849 426 2886 XVI),
455 2848 490 2878 in
509 2846 740 2878 Bibliotheca
759 2848 980 2879 Academica
1007 2858 1038 2879 a.
1061 2846 1156 2879 1518.
1185 2858 1228 2878 ex
1255 2847 1380 2879 archio
1406 2846 1625 2877 Simancano
1651 2845 1864 2877 translatas.

875 2904 948 2936 Est.
970 2906 1022 2938 18.
1042 2905 1088 2936 72⁰.
1109 2909 1140 2937 5.

247 3024 271 3044 ¹²
296 3025 440 3067 volum]
468 3028 522 3058 De
541 3039 644 3059 servo
665 3028 828 3059 arbitrio.
878 3028 934 3060 Cf.
954 3030 1096 3060 Erasini
1124 3031 1168 3062 ad
1193 3032 1342 3063 Lutlier.
1364 3031 1468 3072 epist.
1488 3030 1602 3063 Basil.
1622 3030 1655 3062 (1.
1677 3030 1728 3062 ll.
1748 3031 1862 3073 April.

157 3091 189 3112 a.
213 3081 306 3113 1526.
327 3083 400 3113 dat.
421 3084 474 3115 ed.
496 3084 609 3127 Lugii.
631 3085 710 3116 Bat.
735 3084 828 3116 1706.
848 3085 897 3116 11⁰.
917 3095 1061 3117 Dcccw.
1134 3086 1159 3106 ‘2¹
1186 3088 1268 3129 piae
1294 3099 1413 3129 (ipo-qr.
1484 3085 1512 3105 ²²
1537 3088 1717 3118 confossis
1741 3099 1863 3129 apogr.

154 3136 182 3156 ²³
201 3138 391 3178 sugsti‘flleo
417 3151 536 3180 (mayr.
608 3140 635 3160 ²²⁰
662 3141 795 3172 exitum
823 3141 900 3173 (mm
927 3143 1088 3184 exitium)
1115 3154 1234 3185 apum.
1305 3143 1333 3164 ‘²⁷
1359 3144 1523 3175 ledentur
1548 3156 1667 3186 apoyr.
