2133 3585
247 302 496 325 CONSVLTATIO
516 302 726 323 GERMANtcAi
746 301 946 324 PHOPOSITA
964 301 1008 322 AB
1028 300 1276 322 ELECTORIBVS
1296 301 1338 322 ΕΤ
1357 301 1385 321 G.
1407 301 1438 322 A.
1462 296 1534 321 15l7.
1639 281 1730 326 187

48 407 272 443 minuendum
305 407 570 454 addemlumque
601 407 872 447 existimaverit,
912 405 1040 441 iudicio
1075 411 1180 452 atque
1210 405 1361 441 consilio
1394 405 1568 440 ostendat.
1627 410 1662 441 et
1693 405 1733 440 li-

47 470 103 499 eet
134 463 380 499 serenissimus
411 464 527 498 Czesar
556 463 739 510 praeterita
771 463 886 498 onmia
918 462 983 496 iam
1016 461 1176 508 plurimis
1208 461 1427 497 documentis
1450 461 1534 496 satis
1556 472 1733 508 superque

48 519 209 559 noverit,
241 520 282 554 de
314 519 623 566 praesentibusque
656 519 760 554 etiam
792 518 984 554 multorum
1016 517 1147 556 literis,
1180 517 1317 553 nunciis
1348 522 1384 552 ct
1415 517 1628 552 testimoniis
1658 529 1733 552 eer-

49 576 118 610 tior
150 575 255 610 suerit.
286 575 463 614 redditus,
495 575 672 622 cordeque
705 575 827 609 intimo
858 580 893 609 et
922 573 1052 620 stepius
1085 573 1275 608 indoluerit
1304 578 1339 608 et
1360 573 1451 620 apud
1474 572 1733 608 sanctissimum

18 632 228 666 5dominum
268 637 429 666 nostrum
469 636 502 666 et
543 630 629 666 alios
669 631 781 678 Reges
818 636 853 666 et
880 630 1061 677 Principes
1093 629 1311 665 Christianos
1348 629 1402 664 liis
1440 628 1541 664 malis
1582 629 1734 664 remedia

45 687 315 734 et'qmesiverit
353 693 387 722 et
427 687 642 726 ostenderit,
684 679 884 734 saepiusque
921 698 998 722 cum
1030 685 1177 720 Natione
1208 685 1412 721 Germanica
1449 690 1484 720 et
1514 685 1733 721 Consiliariis

46 743 119 785 suis
151 756 259 791 super
290 744 413 778 iisdem
444 743 549 778 rebus
580 743 850 782 consultaverit,
889 754 927 778 ac
966 743 1008 777 ab
1047 742 1190 777 ineunte
1221 747 1325 777 aetate
1355 741 1442 776 nihil
1474 741 1567 776 aliud
1598 742 1734 777 serven-

49 799 118 834 tius
150 811 314 846 nmquam
346 799 479 846 optarit
511 811 613 846 quam
644 799 832 846 aliquando
864 799 898 833 in
929 798 1103 834 eiusmodi
1135 797 1396 844 expeditionem
1418 798 1593 845 proticisci
1615 809 1732 845 posse,

46 855 274 891 nihilominus
305 856 528 903 gratissimus
560 856 672 891 eidem
704 856 770 890 fuit
807 855 972 894 nuncius,
1013 855 1072 901 qui
1112 854 1313 889 huiusmodi
1351 854 1412 889 ad¹
1434 866 1471 889 se
1501 853 1734 890 consultatio-

7 921 33 946 10
49 923 126 947 nem
165 917 201 947 et
243 917 422 966 tantvum
462 912 615 947 virorum
656 911 866 947 sententiam
904 910 1034 946 attulit.
1094 912 1202 953 Quam
1234 910 1375 957 quidem
1405 910 1472 945 etsi
1503 910 1537 945 in
1569 910 1733 946 omnibus

45 967 203 1003 articulis
235 968 526 1015 prudentissime,
560 980 696 1005 summo
729 967 889 1014 ingenio,
922 979 1055 1002 summa
1087 966 1233 1002 solertia
1265 966 1440 1001 elimatam
1472 966 1731 1014 recognoverit,

46 1024 156 1059 voluit
189 1030 302 1060 tamen
335 1024 473 1070 singula
504 1037 522 1060 a
553 1024 772 1060 Consiliariis
804 1024 895 1063 suis,
937 1024 993 1071 qui
1034 1036 1099 1071 pro
1138 1028 1299 1070 tempere
1337 1023 1428 1070 apud
1468 1035 1504 1058 se
1536 1028 1731 1071 praesentes

45 1086 164 1120 erant,
204 1080 358 1128 perlegi,
397 1081 615 1116 considerari
652 1080 931 1128 ponderarique,
973 1085 1007 1115 et
1038 1080 1067 1115 si
1099 1080 1181 1127 quid
1213 1079 1253 1114 ad
1286 1090 1325 1114 ea
1356 1079 1551 1115 addendum
1583 1080 1731 1115 arbitra-

44 1142 187 1175 rentur,
222 1137 253 1171 id
285 1137 318 1171 in
351 1137 493 1184 scriptis
524 1138 628 1172 etiam
658 1136 934 1173 connnitterent.

3 1204 30 1228 if,
157 1194 240 1228 Cum
272 1189 485 1241 autem'ipsi
507 1193 706 1229 Consiliarii
739 1192 888 1239 singulis
919 1192 1111 1240 diligenter
1142 1192 1310 1239 inspectis
1340 1192 1648 1239 consideratisque
1679 1192 1731 1227 ni-

44 1248 91 1284 hil
130 1250 326 1285 addendum
366 1250 664 1296 minuendumque
703 1248 864 1284 arbitrati
905 1250 992 1289 sint,
1033 1249 1125 1295 quod
1165 1249 1205 1284 ad
1236 1248 1439 1284 huiusmodi
1471 1249 1731 1296 expeditionem

43 1306 245 1341 sumendam
276 1306 631 1353 prosequemlainque
661 1306 826 1344 attineat,
859 1306 887 1340 si
919 1305 1116 1352 praesertim
1137 1305 1417 1341 Christianorum
1448 1317 1504 1340 res
1536 1305 1582 1341 ita
1613 1305 1732 1353 dispo-

42 1362 120 1397 sitae
153 1367 289 1400 esseut.
332 1367 369 1397 ut
400 1362 657 1409 quamprimum
690 1361 723 1396 id
755 1361 884 1396 bellum
917 1362 1007 1396 sumi
1039 1367 1073 1396 et
1104 1361 1282 1407 generalis
1313 1361 1372 1396 illa
1403 1361 1579 1409 expeditio
1609 1373 1732 1398 execu—

45 1418 131 1453 tioni
164 1418 365 1454 demandari
396 1424 535 1466 posset:
577 1418 637 1453 sed
675 1429 754 1453 eum
785 1418 967 1464 negotium
999 1418 1031 1452 id
1063 1417 1201 1452 maximi
1233 1418 1400 1464 ponderis
1431 1410 1732 1454 etdiuturnioris

0 1473 175 1509 2olaboris
207 1475 269 1513 sit,
302 1486 406 1521 quam
436 1475 477 1510 ad
511 1475 662 1509 suturam
695 1478 855 1510 {estatem
886 1474 1003 1521 parari
1034 1479 1069 1508 et
1099 1473 1255 1520 expediri
1288 1474 1420 1520 possit,
1461 1475 1733 1522 praesertimque

41 1542 119 1565 cum
150 1531 354 1566 Germanica
385 1531 499 1571 natio,
537 1543 619 1578 ,quae
659 1530 779 1566 multis
819 1542 858 1566 ac
897 1530 1033 1577 magnis
1073 1529 1279 1576 regionibus
1319 1530 1389 1565 late
1429 1536 1547 1577 patet,
1588 1536 1622 1565 et
1654 1542 1733 1577 quie

41 1586 274 1634 plurimorum
306 1587 506 1634 Principum
546 1599 585 1623 ae
615 1587 914 1623 Communitatum
952 1587 1060 1621 ductu
1100 1586 1202 1621 variis
1242 1585 1401 1621 moribus
1433 1592 1468 1622 et
1498 1586 1637 1633 legibus
1668 1599 1733 1634 gu-

40 1642 229 1682 bernatur,
271 1655 341 1679 non
380 1650 449 1679 tam
490 1649 636 1691 repente
668 1643 785 1679 induci
816 1649 851 1679 et
882 1643 916 1678 in
949 1644 1037 1679 tanti
1069 1642 1239 1678 momenti
1271 1642 1495 1690 expeditione
1526 1644 1653 1678 armari
1685 1644 1734 1678 sa-

39 1698 104 1734 ‹rile
136 1700 270 1746 possit,
310 1700 444 1736 Tuscus
481 1706 598 1735 autem
635 1712 714 1736 eum
753 1700 938 1736 maximam
976 1699 1126 1735 classem
1156 1704 1192 1735 et
1222 1699 1413 1734 immensos
1446 1699 1512 1734 iam
1544 1704 1735 1747 apparatus

0 1766 27 1790 25
44 1755 125 1790 belli
158 1756 293 1803 coegit,
326 1756 449 1804 procul
480 1757 589 1792 dnbio
621 1752 691 1791 non
723 1757 768 1792 sit
800 1757 1004 1803 quieturus,
1039 1756 1123 1803 quin
1154 1755 1307 1802 aliquam
1339 1755 1528 1790 Christiani
1561 1755 1658 1791 orbis
1681 1768 1734 1791 re-

42 1811 184 1858 gionem
216 1812 372 1851 invadat,
406 1825 448 1848 ne
481 1813 624 1848 omnino
656 1813 838 1860 proximus
869 1813 924 1847 hic
955 1825 1066 1848 annus
1098 1812 1262 1847 immunis
1296 1817 1470 1852 transeat,
1504 1812 1588 1859 quin
1611 1811 1735 1852 saltem

41 1868 83 1903 ad
113 1868 336 1904 divertendas
367 1869 459 1904 vires
492 1869 580 1904 tanti
612 1869 727 1904 hostis
759 1869 939 1916 quippiam
970 1869 1141 1916 prodesse
1173 1868 1308 1916 possit,
1342 1874 1377 1904 et
1408 1880 1450 1903 ne
1482 1868 1510 1902 is
1533 1868 1599 1903 sibi
1621 1880 1736 1916 nuper

41 1925 213 1971 acquisita
251 1937 359 1972 regna
391 1926 491 1961 lirino
523 1938 561 1961 ac
593 1925 709 1961 stabili
740 1926 848 1961 ductu
879 1937 1023 1972 regere,
1064 1931 1098 1960 et
1137 1925 1276 1964 iulide
1315 1936 1354 1960 ac
1394 1924 1641 1960 benevelentia
1673 1937 1734 1960 sua

40 1981 266 2019 eentirmare,
299 1993 337 2017 ae
370 1982 527 2028 reliquos
558 1982 687 2017 Africae
719 1993 882 2029 regesne
906 1986 1130 2028 potentatus.
1165 1993 1254 2028 quos
1276 1981 1432 2016 nondum
1455 1980 1608 2027 subegit,
1640 1980 1734 2016 bello

0 2049 29 2073 iio
43 2037 178 2072 interea
209 2038 354 2084 aggredi
387 2039 520 2085 possit,
553 2051 594 2073 ex
626 2038 755 2085 quihus
787 2038 949 2073 omnihus
982 2050 1105 2084 magna
1138 2038 1204 2073 sibi
1236 2043 1271 2073 et
1302 2049 1408 2084 opum
1441 2042 1475 2072 et
1505 2037 1733 2084 pecuniarum

41 2098 76 2128 et
107 2094 267 2139 gentium
299 2094 516 2130 incrementa
547 2101 672 2130 contra
703 2094 922 2129 Christianos
954 2095 1119 2130 accedere
1151 2106 1256 2141 posse
1288 2105 1358 2128 non
1389 2093 1534 2129 dubium
1565 2096 1630 2132 est,
1663 2093 1735 2129 Cae.-

41 2149 131 2185 sarei
162 2150 356 2185 consiliarii
388 2151 578 2186 nonnullas
611 2163 692 2186 suas
723 2151 1025 2189 consultationes,
1066 2151 1148 2197 quid
1189 2151 1230 2185 ad
1262 2150 1420 2185 futurum
1452 2160 1581 2185 annum
1611 2155 1734 2185 contra

41 2206 164 2241 hostes
197 2207 294 2253 ipsos
328 2207 455 2242 tentari
487 2219 593 2255 posse
625 2208 846 2246 existiment,
880 2207 1082 2254 quibusque
1113 2206 1227 2242 modis
1258 2206 1396 2241 duobus
1417 2206 1589 2254 proximis
1610 2206 1735 2241 deinde

44 2262 143 2297 annis
174 2268 302 2298 caetera
333 2264 509 2310 generalis
541 2264 718 2311 expeditio
751 2264 921 2311 subsequi
961 2263 1090 2302 valeat,
1129 2268 1163 2298 et
1203 2262 1331 2310 quihus
1369 2262 1536 2302 ducibus,
1578 2274 1646 2309 qua
1676 2274 1736 2310 pe-

6 2329 31 2354 35
46 2318 166 2357 cunia,
200 2319 328 2365 quibus
360 2321 473 2367 copiis
505 2332 561 2356 res
593 2322 725 2367 agenda
759 2321 936 2359 videatur,
977 2325 1182 2356 reverenter
1212 2320 1246 2354 in
1277 2319 1331 2354 his
1363 2319 1505 2366 scriptis
1538 2330 1736 2366 proposue-

43 2380 142 2414 runt,
183 2375 341 2411 volentes
386 2382 501 2412 tamen
544 2389 582 2411 ea
622 2377 762 2423 singula
803 2382 833 2411 et
877 2376 1091 2412 sanctissimi
1128 2375 1261 2411 domini
1300 2375 1415 2410 nostri
1447 2374 1670 2422 aliorumque
1702 2375 1736 2410 in

43 2430 131 2466 Urbe
163 2439 462 2479 congregatoriun
494 2433 681 2469 Oratorum
715 2439 749 2467 et
780 2433 1060 2468 Christianorum
1092 2432 1196 2468 etiam
1228 2433 1360 2478 Regum
1393 2444 1431 2467 ac
1451 2431 1653 2479 Principum
1686 2433 1738 2467 iu-

0 2495 1 2507 *
41 2486 131 2523 dicio
163 2487 305 2528 subiici,
345 2501 458 2536 neque
496 2495 687 2537 propterea
719 2489 761 2524 ab
794 2490 860 2524 iam
891 2489 983 2525 dicta
1023 2488 1308 2548 consultatione,
1351 2500 1429 2535 quie
1470 2488 1512 2523 ad
1543 2488 1735 2524 Ciesaream

128 2665 137 2685 ¹
164 2666 290 2698 iuditio
317 2670 347 2698 2.
405 2670 439 2697 et
464 2679 524 2698 0771.
540 2670 579 2698 -3,
635 2667 646 2686 ²
674 2667 796 2697 Ciesar
821 2670 857 2697 et
882 2678 914 2708 p.
934 2669 1034 2699 23„
1068 2665 1079 2683 ³
1107 2666 1148 2697 «le
1175 2677 1279 2707 praes.
1354 2666 1552 2696 ostenderit
1572 2669 1692 2706 positis
1718 2666 1737 2695 5

35 2724 169 2763 punctis
193 2733 253 2755 om.
275 2725 306 2754 4.
362 2723 374 2741 ⁵
400 2723 562 2764 aliosque
589 2725 665 2754 2.3.
724 2722 735 2740 ⁷
762 2733 804 2753 ac
832 2723 876 2753 ab
951 2733 1056 2769 posse
1081 2733 1141 2753 om.
1162 2725 1192 2753 4.
1250 2722 1301 2753 nil
1327 2724 1358 2753 2.
1414 2721 1426 2741 8
1451 2721 1631 2762 optaverit
1657 2724 1689 2753 2.
1704 2725 1736 2754 3.

38 2775 51 2795 ⁹
75 2779 226 2810 nuncius
254 2779 322 2810 fuit
347 2781 379 2810 4.
437 2779 458 2799 ¹¹
488 2778 599 2820 elim.]
627 2778 853 2810 enucleatam
880 2780 911 2809 4.
971 2777 994 2797 ¹⁴
1021 2778 1057 2809 id
1082 2789 1142 2810 om.
1163 2781 1192 2809 J.
1251 2777 1276 2797 ¹5
1302 2779 1370 2810 llic
1395 2781 1427 2810 2.
1447 2779 1608 2809 articulos
1633 2789 1738 2810 nume-

37 2844 117 2865 rare
134 2835 247 2876 incipit
261 2838 373 2877 posito
392 2836 421 2872 2,
442 2839 489 2867 z'la
507 2840 538 2866 ul
558 2837 613 2877 qui
630 2837 660 2866 in
682 2837 710 2866 1.
730 2839 804 2865 sunt
829 2837 954 2866 numeri
971 2834 1001 2873 1,
1020 2835 1050 2871 2,
1077 2835 1108 2865 in
1127 2836 1157 2865 2.
1185 2835 1333 2875 efficiant
1359 2834 1465 2866 finem
1490 2834 1628 2865 numeri
1653 2834 1685 2865 2.
1705 2839 1739 2866 et

38 2899 167 2921 numm.
187 2890 216 2928 3,
236 2892 266 2923 4.
294 2893 378 2923 unde
404 2893 479 2923 inde
505 2903 525 2922 [ι
551 2903 633 2923 mem.
653 2891 672 2923 3
698 2891 826 2922 binario
851 2892 957 2921 nmini·
974 2895 1023 2922 est
1043 2901 1192 2921 numerus
1209 2892 1241 2921 in
1260 2893 1291 2922 2.
1312 2892 1375 2922 nisi
1391 2891 1445 2922 ubi
1461 2891 1552 2921 aliud
1567 2892 1738 2922 adnotavi-

38 2956 116 2976 mus.
165 2946 234 2987 ipsi
307 2949 579 2989 praesertimque
607 2958 683 2979 eum
702 2958 762 2978 nm.
785 2949 817 2978 3.
866 2945 889 2965 ²¹
920 2950 954 2978 et
980 2951 1055 2977 ante
1082 2957 1160 2988 quze
1185 2958 1244 2979 om.
1267 2949 1341 2979 524.
1391 2946 1418 2966 ²¹
1446 2944 1536 2988 eum]
1565 2947 1625 2988 qui
1644 2950 1736 2979 2...4.

39 3002 228 3033 maximam
245 3014 304 3035 om.
326 3006 354 3035 1.
403 3004 430 3023 2⁷
456 3005 575 3045 quidp.
596 3008 626 3035 2.
648 3004 745 3045 prod.
766 3002 885 3044 quidp.
908 3005 937 3034 J.
985 3002 1013 3021 ¹*
1032 3003 1136 3034 fidem
1156 3014 1197 3034 ae
1216 3003 1508 3035 benevolentiam
1527 3012 1627 3035 suam
1644 3006 1738 3035 2...-t.

39 3055 65 3076 ²⁹
91 3056 149 3098 ae]
176 3060 210 3089 et
234 3062 305 3099 pot.
326 3062 420 3091 2...4.
469 3060 497 3079 ³²
522 3071 629 3091 nonn.
703 3059 853 3090 consult.
873 3070 932 3089 vm.
954 3061 985 3090 4.
1034 3058 1061 3077 ³³
1087 3060 1183 3100 ipsos
1209 3060 1409 3101 suscipiant
1436 3060 1569 3090 tentari
1586 3062 1617 3091 2.
1631 3063 1664 3092 3.
1691 3060 1739 3101 ip-

40 3122 97 3145 sos
122 3124 184 3145 om.
204 3116 235 3145 4.
282 3113 310 3133 ³⁴³
336 3113 472 3158 tamen]
500 3119 572 3147 tum
599 3119 629 3147 4.
680 3116 798 3147 saneti
825 3117 854 3146 4.
904 3114 932 3133 ³²⁷
958 3115 1066 3146 etiam
1092 3126 1152 3146 om.
1174 3118 1205 3147 4.
1255 3127 1298 3148 ac
1316 3114 1387 3157 Pr.]
1414 3116 1686 3157 principumque
1708 3118 1737 3146 J.

9 3197 11 3204 ,
39 3167 105 3189 ³²³⁸
130 3169 258 3201 iuditio
285 3173 316 3201 2.
363 3170 390 3191 39
418 3170 475 3213 ab]
503 3182 522 3203 a
548 3174 580 3203 4.
