2133 3585
232 272 391 294 HV'r'rENl
420 272 455 292 1N
484 272 602 292 lu'crm
631 270 996 291 Wlss'l'mN1⁸1·21{(;1⁴2N.=³EM
1023 269 1157 289 ORATIO
1185 269 1257 288 1111.
1288 269 1320 289 M.
1340 267 1423 289 AVG.
1444 267 1475 289 Λ.
1497 263 1571 289 1517.
1692 249 1745 293 71

59 376 130 420 tui,
163 375 265 424 quod
287 374 483 424 publicum
514 377 589 417 est,
622 373 709 411 odio
733 373 914 411 defensus
945 371 1036 409 milii
1068 371 1219 408 videor:
1254 382 1372 420 quare
1396 371 1508 408 etiam
1533 371 1754 408 interfecto-

57 455 140 481 rem
172 442 237 480 tibi
269 442 401 480 deesse
431 445 544 492 puto,
578 441 681 490 quod
704 441 908 478 ¹neminem
939 439 988 476 ita
1020 437 1066 475 ab
1100 438 1337 475 humanitate
1369 437 1594 478 derelictum
1628 438 1754 475 existi-

58 522 171 553 mem,
204 510 268 559 qui
299 521 424 547 meam
455 509 713 546 innocentiam
746 508 931 545 offensam
965 505 1063 543 velit.
1112 505 1272 554 proinde
1304 508 1451 542 tantum
1482 503 1617 542 abesse
1648 509 1738 554 puta
1761 515 1845 545 §.uia

42 581 98 616 ,ut
128 578 300 618 timeam.
334 581 375 614 ut
397 576 509 614 etiam
531 587 635 613 nune
656 574 918 613 adversarium
940 584 1001 610 me
1023 571 1090 609 tibi
1113 572 1328 617 assiduum,
1361 576 1626 610 accusatorem
1649 584 1756 609 acer-

29 644 168 689 5bum,
202 645 396 682 inimicum
428 642 595 681 alacrem
628 647 664 681 et
694 642 887 680 insensum
918 640 1123 695 profitearp
1165 641 1196 677 si
1234 651 1387 689 possem
1427 640 1510 689 cogi
1552 639 1676 684 enim,
1717 645 1758 677 ut

55 716 140 750 tuas
171 710 306 755 furias,
340 698 443 748 tuam
473 710 758 748 inclementiam
791 709 986 752 timerem,
1019 719 1144 757 nuper
1172 708 1409 750 timuissem,
1444 718 1530 744 cum
1552 707 1756 756 sanguino—

54 779 201 818 lentum
233 778 357 817 adhuc
389 782 495 815 tuum
528 789 658 816 ensem
688 788 759 827 per
793 775 936 813 viscera
969 775 1189 813 amicissimi
1221 774 1387 812 hominis
1418 778 1656 812 transactum
1687 786 1755 824 spe

54 859 171 891 nova,
214 858 310 884 nova
342 845 573 884 confidentia
606 845 726 883 elatus
757 856 800 881 ac
833 842 1063 880 tumefactus
1095 842 1282 881 educeres
1314 845 1350 880 et
1380 842 1419 879 in
1459 846 1636 879 nostrum
1676 842 1755 879 exi—

54 915 148 952 tium
178 913 417 957 revibrares;
452 917 560 956 tune,
592 913 769 962 inquam,
803 922 891 949 cum
923 911 1030 960 quasi
1061 908 1187 947 subita
1219 909 1394 960 quiedam
1425 913 1634 959 tempestas
1656 914 1847 948 cumeum.

10 989 42 1015 10
55 981 129 1019 hoe
160 987 396 1019 armatorum
428 979 542 1030 globo
575 992 620 1017 ex
650 983 933 1017 tormentorum
964 982 1119 1015 tuorum
1160 988 1318 1015 carcere
1357 988 1604 1026 erumperes,
1647 976 1759 1015 nobis

54 1050 130 1087 iam
161 1052 243 1086 tum
273 1048 470 1098 imparatis
500 1059 572 1086 nec
603 1048 649 1085 ad
681 1052 789 1084 tuum
821 1057 1027 1083 occursum
1058 1045 1148 1082 satis
1178 1045 1396 1088 instructis3
1429 1044 1496 1083 sed
1529 1044 1664 1083 eodem
1693 1043 1758 1082 illo
1783 1092 1797 1106 ι

54 1122 228 1167 tempore
259 1116 441 1154 invadere
470 1117 509 1153 in
540 1120 626 1153 tuos
657 1115 822 1164 impetus
853 1115 1003 1151 animus
1035 1116 1137 1157 erat,
1170 1112 1325 1150 fortuna
1356 1123 1435 1150 non
1460 1116 1562 1156 erat;
1596 1117 1633 1150 et
1654 1124 1757 1150 nunc

55 1189 92 1224 te
124 1190 350 1228 contemne,
383 1196 454 1221 nee
475 1184 566 1221 satis
589 1181 753 1221 validum
776 1181 922 1223 iudico,
954 1193 973 1219 a
997 1192 1072 1230 quo
1094 1179 1188 1218 mihi
1208 1179 1425 1230 periculum
1448 1180 1634 1230 suspicer.
1685 1179 1742 1218 Ad
1760 1188 1845 1219 §.107¹

55 1253 130 1290 hoc
160 1251 254 1290 nihil
286 1252 460 1290 omittam
492 1250 594 1300 quod
626 1250 671 1288 ad
703 1251 756 1306 tui
778 1249 1118 1299 persequutionem
1141 1248 1305 1286 attinere
1327 1247 1571 1292 arbitrabor,
1603 1248 1759 1286 saciam—

13 1327 133 1370 15que
166 1325 206 1358 ut
236 1330 448 1368 cognoscas
478 1319 567 1355 totis
598 1330 659 1355 me
691 1317 808 1355 animi
839 1329 882 1354 ac
913 1317 1089 1365 corporis
1128 1314 1274 1353 viribus
1314 1319 1447 1353 contra
1478 1319 1515 1353 te
1546 1317 1758 1354 intentum:

56 1387 157 1438 quod
188 1392 227 1425 tu
258 1386 349 1424 licet
379 1385 506 1424 verbis
538 1384 682 1429 eleves,
716 1385 833 1422 animi
864 1388 991 1422 tamen
1023 1383 1212 1421 sententia
1243 1384 1299 1421 tui
1329 1387 1366 1421 et
1396 1395 1438 1421 re
1464 1383 1543 1433 ipsa
1565 1395 1643 1421 nen
1666 1395 1756 1421 eon-

56 1455 214 1493 temnis:
254 1466 341 1492 nam
372 1457 414 1492 ut
445 1452 548 1497 aliud
580 1451 673 1490 nihil
705 1452 869 1501 possim,
902 1463 1032 1489 nonne
1063 1450 1138 1488 hoc
1169 1449 1463 1489 acerbissimum
1494 1450 1563 1489 tibi
1594 1451 1741 1494 accidit,
1760 1461 1848 1492 §.103.

56 1522 157 1573 quod
189 1521 383 1559 neminem
416 1520 518 1559 vides
550 1531 635 1558 esse
665 1520 703 1557 in
736 1519 943 1559 Germania
974 1517 1095 1557 literis
1126 1516 1273 1557 clarum
1312 1519 1469 1568 quicum
1510 1530 1587 1556 non
1626 1519 1759 1557 arctis-

55 1591 150 1628 sima
181 1589 273 1627 mibi
304 1589 470 1627 amicitia
508 1587 795 1626 intercesserit?
835 1598 969 1625 eorum
1011 1598 1232 1637 quenquam
1273 1598 1355 1624 esse
1394 1591 1504 1635 putas
1545 1587 1612 1636 qui
1652 1590 1759 1624 tuum

10 1667 41 1691 2’0
57 1656 182 1696 scelus
212 1656 362 1695 silentio
394 1656 726 1706 praetermissurus
757 1655 832 1693 sit?
872 1659 1063 1705 nontam
1103 1655 1194 1705 quia
1224 1654 1280 1691 sie
1310 1654 1385 1691 vixi
1417 1665 1488 1703 ego
1527 1652 1627 1704 (lieet
1658 1655 1760 1691 enim

56 1724 257 1775 magnifice
288 1723 415 1774 loqui,
449 1736 525 1774 quo
556 1729 597 1761 tu
628 1723 751 1773 magis
783 1723 965 1774 invideas)
999 1723 1109 1772 quia,
1142 1723 1321 1772 inquam,
1354 1722 1408 1759 sic
1432 1722 1506 1759 vixi
1529 1733 1618 1771 ego,
1651 1726 1692 1759 ut
1714 1721 1759 1759 ab

56 1792 236 1831 omnibus
266 1792 423 1842 ingenio
455 1803 499 1828 ac
531 1791 748 1829 eruditione
780 1790 993 1829 illustribus
1032 1790 1153 1828 amari
1183 1801 1358 1834 merear,
1390 1794 1508 1840 utque
1540 1788 1762 1827 clarissimis

56 1860 278 1899 hominibus
310 1859 688 1897 conunemlatissima
720 1859 794 1896 iam
827 1871 909 1897 esse
941 1858 1108 1896 debcant
1137 1858 1260 1896 studia
1292 1869 1398 1900 mea,
1431 1868 1547 1906 quam
1579 1857 1666 1907 quia
1688 1856 1762 1895 tale

58 1934 164 1966 tuum
196 1927 339 1965 factum
372 1931 427 1964 est
459 1926 561 1976 quod
592 1938 707 1964 nemo
738 1925 864 1964 bonus
895 1938 972 1964 non
1005 1930 1176 1964 extreme
1199 1925 1325 1963 odisse
1348 1923 1503 1968 debeat,
1536 1925 1584 1962 ita
1606 1936 1759 1969 novum,

12 1997 105 2034 :mita
137 1994 350 2045 singulare,
381 1998 424 2032 ut
454 2006 494 2032 se
524 1995 563 2031 in
595 1994 769 2031 omnium
800 1993 929 2031 literas
961 1992 1061 2031 ultro
1092 1994 1271 2031 insinuet.
1332 1992 1551 2030 l'osteritati
1585 1996 1657 2030 tua:
1689 1993 1744 2030 in-
1763 2000 1849 2032 §.toa

58 2063 187 2107 video,
221 2062 412 2105 carnifex,
445 2074 464 2099 a
497 2073 573 2110 quo
607 2063 720 2099 etiam
753 2073 877 2099 annus
906 2061 969 2099 hic
1001 2060 1334 2103 denominabitur,
1376 2060 1484 2097 cuius
1514 2058 1652 2097 sceleri
1683 2060 1763 2097 dies

57 2130 269 2169 tribuetur:
309 2131 363 2168 sic
404 2130 507 2168 enim
546 2128 676 2179 legent
707 2130 871 2179 posteri,
913 2141 956 2167 eo
989 2128 1155 2179 aliquem
1187 2139 1286 2166 anno
1319 2131 1470 2170 natum,
1512 2138 1588 2176 quo
1627 2132 1667 2164 tu
1705 2128 1762 2164 in-

59 2197 300 2249 extinguibili
332 2198 580 2237 Germaniam
612 2196 759 2246 probro
790 2195 978 2247 polluisti,
1021 2196 1093 2233 ibis
1124 2196 1161 2233 in
1194 2195 1331 2239 fastos,
1370 2193 1569 2245 improbe,
1602 2194 1763 2243 augebis

58 2267 253 2310 historias;
287 2264 503 2304 immortale
534 2269 643 2303 tuum
673 2264 816 2302 factum
849 2269 924 2307 est,
959 2264 1006 2301 ob
1039 2263 1153 2314 idque
1183 2274 1324 2300 nomen
1347 2263 1384 2300 in
1406 2273 1519 2299 omne
1542 2274 1664 2299 {evum
1686 2274 1763 2299 me-
1811 2249 1814 2252 Α

16 2333 249 2373 30morabile
281 2334 364 2384 ipse
396 2336 627 2371 consecutus
658 2332 760 2382 quod
792 2331 964 2369 voluisti:
998 2332 1086 2381 quid
1119 2330 1271 2369 voluisti
1302 2334 1431 2368 autem
1462 2341 1577 2380 quam
1600 2330 1763 2380 turpitu-

60 2402 148 2441 dine
177 2402 376 2451 insigniri'!
408 2402 462 2448 sic
494 2400 634 2439 samam
667 2400 892 2449 quzesivisti,
927 2401 980 2437 sic
1012 2400 1065 2437 tui
1087 2399 1314 2437 memoriam
1337 2398 1540 2441 affectasti,
1573 2398 1627 2435 sic
1649 2398 1762 2435 vitam

60 2469 282 2520 prolongari
322 2468 483 2519 placuit;
525 2468 745 2506 scribentur
791 2467 837 2505 de
879 2473 913 2505 te
946 2467 1136 2510 carmina,
1185 2468 1364 2504 texentur
1395 2465 1575 2503 historize.
1637 2464 1746 2510 Quod
1765 2475 1853 2507 §.tut

62 2550 136 2588 quo
169 2538 290 2586 magis
320 2537 462 2575 saciant
490 2535 686 2578 homine&
726 2534 985 2573 movebuntur
1016 2533 1309 2584 incomparabili
1341 2534 1411 2571 isto
1451 2534 1505 2570 tui
1546 2533 1654 2577 odio,
1694 2545 1762 2569 no-

61 2610 140 2644 stro
172 2604 304 2643 dolore
336 2617 380 2642 ac
412 2603 637 2642 calamitate.
700 2615 814 2652 quam
846 2602 979 2645 velles,
1014 2604 1044 2641 si
1076 2607 1111 2641 te
1142 2602 1262 2652 pudet
1290 2602 1365 2646 tui,
1399 2613 1475 2638 non
1509 2612 1592 2638 esse
1614 2600 1763 2643 literam

19 2674 195 2723 3:1quanti
226 2683 394 2713 emeres,
426 2670 520 2709 nihil
552 2671 730 2709 didicisse
762 2683 843 2709 me:
876 2682 1095 2721 quanquam
1130 2669 1222 2707 nihil
1256 2670 1347 2706 tanti
1379 2673 1453 2712 est,
1486 2672 1528 2706 ut
1549 2672 1586 2705 te
1607 2668 1765 2706 sceleris

62 2741 262 2790 pu·niteat‚
305 2752 350 2778 ae
387 2738 554 2778 libenter
587 2745 623 2777 et
655 2751 700 2775 ex
733 2743 818 2775 voto
860 2737 983 2776 malus
1016 2750 1075 2776 es:
1118 2743 1192 2775 tam
1226 2736 1306 2774 sera
1338 2741 1401 2774 tua
1433 2740 1570 2774 natura
1604 2740 1677 2781 est,
1711 2741 1763 2779 ut,

63 2819 140 2856 quo
176 2806 499 2845 immortalitatem
531 2806 599 2845 tibi
632 2804 878 2847 conciliares,
926 2804 983 2843 vel
1022 2805 1168 2843 scelere
1210 2804 1374 2842 volueris
1413 2803 1540 2841 clarus
1578 2804 1681 2849 fieri,
1728 2804 1762 2841 id

65 2874 166 2924 quod
198 2886 275 2912 non
307 2874 512 2912 obscurius
544 2887 583 2912 es
615 2878 864 2914 consecutus,
898 2885 1012 2923 quam
1045 2872 1105 2910 ille
1136 2874 1201 2922 qui
1224 2872 1397 2922 Ephesiae
1419 2871 1548 2909 ltianze
1579 2871 1764 2921 templum

66 2942 219 2979 exussit.
280 2942 310 2979 Ο
356 2941 619 2980 detestabilem
660 2942 775 2991 igitur
817 2945 918 2978 tuam
959 2940 1104 2977 vivendi
1146 2939 1481 2983 consuetiulinem,
1523 2952 1544 2976 o
1583 2940 1852 2980 immane§.111.

66 3009 328 3058 propositum!
376 3014 414 3047 tu
453 3009 507 3047 sic
544 3010 584 3047 in
625 3009 723 3047 fama
764 3020 846 3045 esse
886 3007 1056 3052 laboras,
1098 3011 1139 3045 tu
1172 3009 1226 3047 sic
1264 3008 1496 3058 posteritatis
1536 3007 1762 3047 memoriam

110 3131 137 3151 ²⁰
163 3156 170 3163 .
199 3131 308 3163 Cuius
332 3136 368 3162 H.
441 3131 468 3151 ²⁸
495 3133 564 3163 ibis
590 3133 625 3163 in
652 3131 689 3173 f.]
719 3132 905 3163 cf.I[o1·at.
919 3131 1030 3173 ep.II.
1047 3131 1127 3171 1713.
1146 3131 1440 3173 Plin.paneg.55.
1504 3130 1531 3151 ³⁴¹
1557 3142 1599 3162 ae
1620 3133 1647 3162 1.
1677 3133 1711 3161 ct
1724 3135 1761 3160 11.
