2133 3585
334 205 431 252 280
473 226 519 247 EX
537 226 689 248 IOANNIS
708 226 819 248 FABRI
838 226 1024 247 ORATIONE
1043 227 1202 248 EVM-:Bm
1223 227 1258 247 IN
1280 227 1406 247 DEPOS.
1420 226 1661 247 MAMMILIANI
1681 226 1916 248 lMP.nA131TA.

334 337 552 368 conventum
583 330 801 367 celebrasset
833 331 1124 378 provincialium,
1164 332 1219 366 cui
1253 331 1285 365 in
1319 330 1450 378 oppido
1484 332 1584 378 regio
1618 331 1748 367 Tirolis
1779 331 1956 379 lnsprngk
1986 333 2046 368 ad-

333 393 456 424 essent
486 400 526 423 ex
558 388 794 425 liar-rediturus
835 386 987 434 singulis
1018 388 1173 424 Austrize
1214 387 1320 422 terris
1360 386 1499 421 nobiles
1540 400 1580 423 ac
1618 393 1822 427 senatores,
1862 388 2046 435 multaque

336 443 408 479 illic
439 444 580 485 sutura,
614 456 691 491 qua·
724 456 760 479 se
794 449 937 478 mortuo
969 455 1035 491 pro
1068 455 1152 491 pace
1183 455 1222 478 ac
1253 443 1524 478 conservatione
1557 444 1679 491 patria¹
1711 443 1817 490 atque
1848 445 2046 491 provincia-

335 513 413 536 rum
435 501 588 536 Austria·
620 500 819 535 necessaria
855 500 983 539 forent,
1016 501 1082 535 iam
1113 500 1366 546 disposuisset,
1400 500 1597 546 Augustani
1630 499 1891 535 vindelicorum
1923 501 2045 548 petiit;

334 556 407 592 illic
428 557 609 604 principes
631 556 829 595 electores,
861 557 1054 604 caeterique
1076 556 1272 591 Germanico
1294 555 1494 602 principes,
1528 556 1714 603 primates,
1746 555 1923 604 Episcopi,
1956 569 2072 604 prae-5

334 613 418 656 lati,
451 612 662 660 respublica·
694 624 733 648 ac
764 613 939 648 innumeri
979 612 1119 648 nobiles
1158 617 1409 648 convenerant.
1468 612 1625 648 Aderant
1656 624 1800 659 quoque
1828 613 1930 648 Pont.
1960 613 2047 648 Max.

335 670 465 705 Leonis
488 670 525 704 X.
558 669 698 715 legatus
723 668 937 704 Cardinalis:
971 670 1105 717 Regum
1129 670 1211 704 item
1235 668 1506 715 Hispaniarum,
1540 668 1714 709 Francia»,
1747 668 1949 716 llungarife,
1980 670 2048 705 Po—

335 725 460 766 loniae,
493 731 600 773 atque
631 725 807 762 Boliemia·
830 727 1011 762 Oratores.
1059 725 1257 761 Celeliravit
1287 725 1416 760 dietam
1440 725 1597 760 omnium
1618 725 1904 766 celeberrimam,
1937 726 2047 761 multa

337 782 446 818 relius
480 782 616 829 imperii
650 782 866 828 pram-idetis,
899 795 938 818 ac
968 783 1011 818 de
1043 783 1166 818 futuro
1198 782 1437 817 Romanorum
1470 792 1555 827 rege
1584 780 1773 828 deligendo
1804 793 1883 817 cum
1915 781 2047 818 electo·

337 838 436 874 ribus
467 838 688 874 consultans.
741 838 837 873 Adeo
871 838 989 874 liercle
1023 845 1060 874 ιιι
1091 850 1131 873 ex
1163 838 1218 873 liis
1249 837 1387 873 duzdms
1418 837 1525 872 dietis
1557 850 1646 885 pene
1668 838 1906 874 cntiniecturari
1929 839 2044 878 liceat,
2064 850 2093 874 io

336 896 508 931 Ca‘sarem
540 900 705 929 nostrum
738 901 889 930 mortem
923 908 1020 931 suam
1053 895 1254 931 ianuludum
1287 893 1531 942 praescivisse,
1573 899 1639 929 tam
1673 895 1772 929 enixe
1802 895 1894 930 cirea
1926 907 1965 931 ea
1996 895 2048 930 in-

338 952 456 990 stetit,
498 963 576 998 qua}
619 963 655 986 se
694 956 837 986 mortuo
877 952 1027 999 Imperio
1067 957 1174 998 atque
1215 951 1405 998 provinciis
1444 951 1645 986 necessaria
1683 951 1815 986 forent.
1875 951 1921 986 De
1953 951 2047 987 bello

339 1019 483 1054 quoque
516 1008 549 1042 in
577 1007 709 1042 Turcas
742 1008 974 1047 assumendo,
1006 1008 1120 1054 deque
1152 1006 1329 1043 bellorum
1362 1012 1553 1054 apparatu,
1586 1012 1692 1054 atque
1725 1006 1777 1052 (ut
1806 1006 1942 1051 dicunt)
1974 1007 2047 1043 hel-

339 1063 457 1098 lorum
489 1075 596 1099 nervo
629 1063 739 1098 multa
771 1076 835 1111 per
866 1066 1038 1101 Caesarem
1071 1070 1106 1099 et
1136 1064 1334 1111 principes,
1377 1064 1409 1098 iu
1451 1064 1646 1111 primisque
1688 1075 1751 1111 per
1781 1064 1936 1109 legatum
1969 1076 2048 1100 san-

338 1120 486 1155 ctissimi
508 1120 543 1154 l).
566 1120 603 1155 N.
628 1119 848 1156 tlardinalem
871 1120 904 1155 8.
929 1121 1014 1156 Sixti
1049 1126 1196 1156 tractata
1228 1120 1386 1155 suerunt.
1436 1121 1599 1166 Augusta
1629 1125 1874 1167 (posteaquam
1896 1132 2048 1156 conven-
2066 1133 2095 1158 15

339 1182 396 1211 tus
428 1176 488 1211 ille
519 1177 719 1224 principum
751 1182 847 1212 esset
878 1176 1092 1221 dissolutus)
1124 1177 1310 1212 discedens
1342 1175 1519 1224 lnsprugk
1551 1188 1735 1216 reversus,
1775 1177 1915 1212 demum
1948 1178 2049 1224 oppi-

337 1233 420 1268 dum
452 1232 651 1281 lx'opll'stain
686 1230 904 1282 [Kztfslein]
939 1234 1058 1281 petiit:
1091 1234 1162 1269 illic
1194 1245 1257 1281 per
1278 1232 1419 1280 aliquos
1441 1238 1602 1268 moratus
1624 1233 1699 1268 dies
1721 1245 1800 1269 cum
1823 1234 2049 1281 magistratu,

337 1289 395 1336 qui
429 1289 619 1336 provincne
651 1289 780 1325 Tirolis
812 1296 962 1338 sn‘teest,
995 1289 1169 1326 nonnulla
1199 1296 1473 1325 connnentatus.
1535 1289 1629 1325 Adiit
1666 1289 1761 1325 illico
1802 1301 1882 1325 eum
1913 1302 2050 1337 magnae

336 1345 427 1392 apud
461 1356 497 1381 se
529 1345 607 1381 fidei
639 1359 748 1382 cocus
780 1346 993 1394 peculiaris,
1035 1348 1095 1394 qui
1127 1359 1144 1382 a
1175 1346 1264 1382 ciliis
1295 1346 1536 1393 decoquendis
1576 1358 1641 1393 pro
1673 1348 1810 1383 Caesare
1850 1352 1947 1382 esset
1977 1347 2049 1394 pri-

336 1402 488 1441 marius,
520 1403 693 1450 cuiusque
725 1403 828 1439 Iidem
859 1416 924 1451 per
954 1415 1068 1439 annos
1098 1403 1250 1451 amplius
1290 1415 1393 1451 quam
1424 1402 1596 1437 xxxvln.
1628 1403 1875 1438 inconcussam
1908 1415 2096 1451 semperw

335 1458 466 1494 suisset
496 1465 686 1507 expertus:
719 1461 855 1495 veniam
887 1472 905 1496 a
937 1462 1073 1497 Caesare
1105 1460 1227 1507 petiit,
1260 1472 1330 1507 quo
1363 1459 1429 1495 sibi
1461 1471 1606 1494 uxorem
1630 1472 1668 1495 ac
1690 1459 1824 1495 liberos
1847 1460 1906 1507 qui
1929 1466 2051 1496 essent

334 1515 370 1550 in
401 1515 579 1563 Insprugk
611 1517 763 1552 invisere
795 1517 919 1553 liceat:
962 1517 1030 1552 Iam
1063 1517 1155 1552 enim
1189 1528 1226 1551 se
1257 1517 1309 1552 eis
1341 1515 1499 1552 abfuisse
1530 1515 1654 1551 dielius
1696 1516 1987 1564 quamplurimis:
2021 1517 2049 1552 si

336 1583 418 1607 vero
450 1572 624 1609 Maiestati
656 1584 729 1610 stne
760 1574 807 1609 ita
838 1574 950 1609 visum
982 1579 1096 1613 esset,
1138 1584 1175 1609 se
1206 1573 1247 1609 ad
1278 1573 1413 1609 curiam
1446 1572 1656 1620 quantotius
1688 1584 1927 1608 reversurum.
1988 1574 2048 1609 Cui

337 1633 410 1663 tum
442 1630 558 1665 Caesar
589 1630 777 1677 respondit
817 1630 896 1666 ‘Nee
930 1636 965 1665 tu
997 1642 1080 1665 saue
1111 1630 1255 1665 domum
1287 1630 1355 1665 lioc
1388 1635 1550 1677 tempore
1580 1629 1771 1669 ascendes,
1811 1629 1872 1665 sed
1911 1641 2049 1666 mecum

335 1685 456 1731 potius
489 1698 636 1732 perges,
679 1687 875 1734 sepultura¹
916 1699 970 1723 me
1016 1686 1233 1722 traditurus'.
1293 1685 1520 1721 Aliliorrente
1561 1686 1634 1720 viro
1673 1685 1828 1725 dictum,
1868 1686 2046 1734 longeque
2061 1697 2093 1722 25

334 1741 441 1776 aliter
472 1743 691 1790 imprecante
724 1744 824 1786 ‘Quin
858 1749 916 1783 tu,
957 1744 1091 1791 optime
1122 1742 1268 1782 tapsar:
1307 1743 1472 1789 inquiens
1503 1747 1579 1790 ‘per
1616 1742 1747 1789 longos
1777 1748 1884 1789 atque
1916 1743 2050 1779 multos

335 1798 440 1833 nobis
472 1799 564 1834 vivas
596 1799 731 1835 annos’.
794 1801 854 1836 ‘Ita
894 1801 982 1840 erit,
1016 1806 1056 1835 ut
1086 1799 1168 1835 (lixi'
1200 1799 1387 1846 respondit
1418 1800 1550 1838 tlaesar,
1592 1804 1642 1834 ‘tu
1674 1811 1811 1834 mecum
1843 1799 2050 1840 descendes,

334 1865 462 1901 meque
494 1856 689 1903 sepultura¹
722 1857 860 1897 trades,
893 1868 972 1892 nam
1006 1856 1101 1892 brevi
1133 1856 1332 1891 moriturus
1362 1855 1462 1890 sum’.
1514 1855 1702 1891 All'uerunt
1722 1856 1842 1896 multi,
1873 1868 1953 1892 cum
1974 1855 2052 1892 haec

336 1910 471 1946 diceret
502 1913 639 1954 llzesar,
674 1913 733 1960 qui
767 1914 844 1949 lia-c
875 1926 915 1949 ex
948 1926 1010 1949 ore
1042 1913 1191 1950 (ht-saris
1223 1912 1423 1948 audierunt.
1484 1912 1514 1947 Is
1546 1924 1692 1959 quoque
1734 1912 1843 1952 idem,
1884 1913 1939 1948 cui
1978 1925 2050 1948 ma-
2104 1950 2106 1955 ,

333 1967 448 2013 gister
479 1968 628 2004 loannes
660 1981 789 2004 nomen
821 1976 893 2009 est,
928 1969 1069 2017 publice
1099 1982 1139 2005 ac
1170 1981 1290 2005 coram
1319 1968 1546 2015 magnatibus
1568 1969 1711 2009 multis,
1744 1975 1779 2004 et
1801 1969 1885 2004 milii
1908 1969 2048 2016 quidem
2064 1979 2096 2005 30

334 2023 517 2060 lachrimis
549 2025 691 2065 multis,
733 2038 828 2074 ssi-pe
860 2027 991 2074 stepius
1026 2031 1179 2062 testatus
1212 2031 1277 2060 est.
1337 2026 1405 2060 l’er
1435 2025 1521 2060 Aeni
1563 2026 1682 2072 itaque
1723 2025 1867 2061 lluviuni
1907 2026 2048 2073 navigio
2101 2065 2106 2074 .

334 2082 450 2116 Caisar
481 2081 719 2122 descendens,
753 2083 791 2119 ad
827 2082 925 2118 Wels
957 2083 1126 2131 oppidum
1150 2083 1302 2118 Austriw
1330 2082 1508 2129 pervenit:
1542 2081 1615 2117 illic
1636 2088 1697 2117 aut
1718 2087 1838 2121 aucta,
1871 2087 1932 2118 aut
1953 2087 2049 2118 certe

336 2143 452 2185 euquta
483 2137 683 2174 infirmitas.
744 2139 810 2175 l’er
840 2140 916 2175 dies
948 2140 1087 2187 aliquot
1117 2139 1200 2175 dum
1230 2139 1346 2174 adliuc
1376 2139 1409 2173 in
1442 2139 1603 2185 Augusta
1636 2144 1732 2173 esset
1762 2140 1900 2178 (laisar,
1932 2139 2049 2187 prius-

335 2206 437 2241 quam
471 2195 615 2231 adversa
648 2195 848 2231 valetudine
878 2196 1079 2236 laboraret,
1112 2201 1297 2232 vocaverat
1328 2195 1368 2230 ad
1402 2206 1439 2230 se
1470 2195 1778 2235 Cartluisieusem,
1810 2206 1849 2230 cx
1871 2194 2048 2243 Frihurgo

333 2251 570 2297 Brisgaudias,
603 2252 784 2288 dominum
817 2254 1029 2301 Gregorium
1063 2253 1209 2292 Reiseli,
1249 2264 1385 2299 magnae
1426 2251 1525 2288 sama⁴
1566 2264 1605 2287 ac
1644 2251 1817 2287 doetrinae
1856 2251 2093 2291 hominein‚35

334 2319 405 2354 quo
439 2318 475 2341 se
508 2308 541 2342 in
575 2309 706 2356 oppido
739 2309 838 2345 Wels
869 2310 1095 2345 conveniret:
1128 2309 1202 2345 illic
1232 2321 1311 2344 eum
1343 2309 1513 2348 venisset,
1546 2313 1731 2355 staretque
1762 2320 1881 2345 coram
1912 2308 2049 2345 Ctesare

338 2364 558 2411 perhumane
589 2364 633 2399 ali
664 2376 705 2399 eo
738 2372 951 2413 susceptus,
992 2366 1123 2408 ‘Bono',
1158 2366 1275 2413 inquit
1306 2371 1438 2413 ‘pater,
1472 2365 1614 2404 venisti,
1655 2365 1773 2400 omine
1804 2378 1844 2401 ac
1876 2370 2047 2413 tempore,

334 2421 392 2467 qui
426 2420 508 2455 milii
542 2421 672 2457 auxilio
705 2422 820 2457 aderis
853 2434 923 2469 quo
956 2423 1067 2458 cwlos
1100 2422 1236 2470 petam'.
1289 2422 1413 2468 Reguli
1447 2432 1528 2456 vero
1559 2421 1740 2461 nonnulli,
1775 2422 1834 2469 qui
1859 2427 1931 2457 tuin
1955 2421 2049 2457 sorte

334 2477 465 2512 tjwsari
497 2483 676 2518 astarent,
716 2478 964 2520 suliriseruut,
1007 2479 1092 2513 niliil
1134 2479 1250 2513 minus
1290 2490 1393 2525 quam
1427 2478 1572 2515 Ctesaris
1605 2484 1755 2513 mortem
1788 2479 1865 2514 sore
1903 2478 2048 2525 propin-

334 2545 438 2580 quam
462 2534 659 2569 credentes.
710 2535 755 2569 At
773 2537 888 2570 (Ia-sar
910 2535 1200 2571 constantissime
1221 2535 1427 2575 al'lirmavit,
1451 2534 1545 2569 brevi
1570 2546 1607 2569 se
1629 2535 1858 2570 moriturum.
1893 2535 2048 2570 Somnus
2063 2544 2088 2570 4(

337 2590 417 2625 inde
449 2589 514 2625 silii
548 2602 612 2638 per
643 2591 718 2626 dies
750 2603 789 2627 ac
822 2599 945 2627 not-tes
977 2592 1183 2639 ademptus,
1219 2591 1458 2639 valetudoque
1488 2591 1632 2626 adversa
1665 2591 1776 2627 indies
1808 2597 1921 2627 aiu-ta.
1982 2591 2050 2626 Ad-

333 2645 433 2681 liiliiti
468 2647 595 2683 medici
628 2648 845 2687 dtu-tissimi,
884 2648 1069 2683 ‹honestiei
1104 2649 1240 2696 primo,
1281 2648 1410 2683 deinde
1447 2648 1551 2683 ctiam
1583 2648 1694 2683 exteri
1729 2660 1767 2683 ex
1801 2648 1931 2683 Vienna
1962 2647 2050 2683 Pan·
2092 2632 2096 2686 l

334 2704 449 2739 neniae
473 2730 480 2738 .
504 2731 511 2738 .
535 2731 542 2738 .
567 2731 574 2738 .
599 2732 606 2739 .
629 2704 699 2741 Nec
732 2710 848 2740 tamen
881 2706 986 2741 etiam
1020 2705 1112 2741 lecto
1144 2704 1363 2741 decumbens
1395 2717 1411 2740 a
1444 2704 1596 2752 publicis
1628 2705 1724 2739 curis
1756 2704 1946 2744 abstinuit,
1979 2716 2051 2741 ma-
2091 2690 2112 2759 l:

335 2760 425 2795 xime
455 2765 572 2796 autem
606 2773 684 2808 quie
715 2767 975 2798 concernerent,
1007 2761 1139 2797 liellum
1171 2762 1340 2797 adversus
1373 2762 1505 2797 Turcas
1536 2761 1786 2797 assunieiultun
1820 2788 2049 2796 ........
2090 2762 2094 2808 Ι

335 2845 340 2850 .
368 2845 373 2850 .
398 2845 404 2850 .
429 2845 436 2852 .
459 2816 622 2853 Mortuus
654 2824 709 2853 est
741 2818 830 2853 infra
865 2819 1004 2854 tertiam
1037 2824 1072 2854 et
1104 2824 1264 2866 quartam
1298 2818 1420 2854 lioraiu
1452 2818 1506 2852 die
1530 2817 1596 2852 xtl.
1620 2818 1751 2853 niensis
1773 2817 1924 2853 Ianuarii
1947 2811 2093 2853 Αιιῐιυις4

334 2872 459 2909 salutis
481 2874 664 2910 M.l).XlX.
690 2880 878 2923 postquam
911 2876 1054 2911 vixisset
1085 2887 1198 2911 annos
1220 2875 1300 2910 LIX.
1333 2886 1474 2910 menses
1496 2874 1547 2909 IX.
1579 2874 1654 2909 dies
1686 2886 1768 2909 vero
1799 2874 1881 2910 xlx.
1905 2885 2051 2922 regnas-

333 2935 461 2978 setque
492 2931 593 2967 annis
626 2931 755 2967 XXXIII
762 2960 1021 2966 .........
