2133 3585
261 223 307 244 Ex
325 223 398 245 loA.
419 224 585 246 COCHLAEI
605 226 649 246 DE
668 226 772 246 Ac'rls
792 226 835 247 ΕΤ
855 226 1019 247 scalpus
1040 226 1199 247 hV'rufflu
1218 226 1265 248 AD
1283 227 1318 248 A.
1338 228 1448 249 MDXX.
1469 228 1594 250 Locvs.
1683 210 1776 255 349

77 339 95 362 a
128 328 257 364 Graecis
288 329 439 376 Imperio
462 329 618 365 Romano
650 342 714 377 per
735 331 804 365 lleo
835 330 1003 366 dilectum
1024 331 1230 366 Pontificem
1253 332 1346 366 Leon
1364 344 1404 366 ·m
1438 332 1501 371 lll.‚
1534 334 1593 379 qui
1616 335 1779 371 Carolum

82 390 321 430 cognomento
352 385 517 431 Magnum
549 386 723 433 lmperiali
755 398 887 422 corona
918 386 1061 422 donavit
1092 387 1208 423 Roma,¹
1248 400 1338 423 anno
1370 400 1387 423 a
1420 388 1549 423 Christi
1581 389 1659 425 lesu
1691 392 1779 426 nati-

79 440 186 475 vitate
216 440 371 476 necea.
423 442 634 489 Priusquam
667 455 749 477 vero
784 443 999 490 publicatam
1030 443 1228 490 accepisset
1258 443 1391 479 Bullam
1421 443 1550 479 Leonis
1580 445 1617 479 X.
1649 445 1780 482 Lutlle-

81 507 162 539 rus,
195 497 345 544 adeptus
378 498 528 533 occultis
560 500 903 545 Augustinianorum
935 499 1158 546 quorundam
1190 500 1339 535 fratrum
1371 512 1517 535 suorum
1550 501 1782 538 machinatio-

47 554 62 580 5
84 552 187 587 nibus
218 565 236 588 e
266 553 430 588 Boliemia
460 554 573 589 libros
604 555 778 602 Wicleplii
810 556 913 601 Angli
945 561 980 591 et
1011 555 1102 590 lluss
1123 555 1284 596 Bohemi,
1317 556 1501 592 rebellium
1533 557 1782 594 haereticorum

76 614 111 643 et
142 608 307 646 Romanae
336 609 499 646 Ecclesiae
530 610 708 651 hostium,
742 612 851 647 multa
881 624 921 647 ex
944 611 1015 647 illis
1046 617 1230 647 mutuatus
1261 618 1332 652 est,
1367 624 1445 660 quae
1477 614 1519 648 ad
1550 613 1781 650 rebellionem

78 676 177 700 suam
208 665 387 701 deservire
420 666 638 702 videbantur.
690 668 806 703 Edidit
838 668 948 715 igitur
978 668 1109 703 librum
1136 673 1262 704 contra
1283 675 1421 716 septem
1443 675 1673 710 sacramenta,
1706 671 1782 718 qui-

77 719 143 756 bus
173 720 328 757 Ecclesia
362 722 477 758 utitur
509 723 542 758 iu
574 724 743 764 salutem,
775 725 830 760 cui
864 724 1008 760 titulum
1039 724 1225 771 inscripsit
1257 725 1312 759 ‘ne
1343 726 1549 772 captivitate
1571 726 1784 774 Babylonica

76 776 258 818 Ecclesiae,
302 778 512 826 praeludium
543 780 681 815 Martini
715 781 870 816 Lutheri'
1002 781 1138 816 Adiecit
1168 781 1321 828 denique
1352 794 1495 818 carmen
1524 783 1592 819 hoe
1624 794 1782 819 sacrum:

346 835 468 871 llostis
501 835 660 871 lli-rodes
691 837 813 884 impie,
847 837 1025 873 Christum
1057 837 1174 873 venire
1207 838 1290 885 quid
1323 839 1450 874 times?

460 892 535 927 Nou
567 894 693 940 arripit
724 893 889 930 mortalia
921 894 980 941 qui
1012 905 1120 940 regna
1153 894 1212 928 dat
1243 894 1412 930 etelestia.

78 945 228 982 innuens
259 959 324 994 per
355 947 420 983 hoc
454 948 597 989 lectori,
630 949 823 985 Romanum
854 949 1080 990 Pontificem,
1116 950 1245 985 llerodi
1278 951 1450 991 similem,
1490 959 1643 1000 propter
1674 959 1785 989 terre-

77 1013 160 1038 num
193 1003 380 1051 imperium
422 1006 589 1052 persequi
627 1005 838 1050 haereticos,
878 1007 983 1043 immo
1014 1006 1243 1053 Evangelium
1275 1006 1417 1042 Christi.
1478 1008 1660 1056 Reliquam
1700 1022 1783 1046 vero

78 1065 231 1105 partem,
265 1060 306 1095 de
339 1073 406 1108 qua
439 1061 482 1096 ibi
515 1062 691 1102 minatur,
724 1063 834 1098 edidit
866 1069 1011 1110 postea,
1045 1069 1169 1099 eontra
1201 1063 1429 1099 Ambrosium
1462 1065 1709 1106 Calliarimim,
1742 1067 1786 1102 De

35 1116 65 1142 15
80 1115 216 1151 visione
246 1116 418 1157 Danielis,
457 1119 490 1152 in
524 1130 591 1165 qua
621 1119 678 1154 Xll
717 1119 823 1155 facies
854 1119 1002 1155 Romani
1032 1119 1217 1155 Pontilicis
1254 1120 1302 1155 ita
1333 1121 1508 1168 appinxit,
1553 1128 1591 1158 ut
1623 1134 1687 1170 per
1727 1135 1786 1159 eas

79 1183 219 1208 omnem
249 1173 307 1208 Dei
340 1174 376 1208 in
406 1173 562 1210 Ecclesia
592 1175 727 1227 cultum
769 1176 801 1211 in
843 1175 1035 1212 ludibrium
1078 1181 1243 1212 verteret.
1304 1177 1542 1224 Posteaquam
1579 1190 1663 1214 vero
1703 1179 1788 1215 vidit

79 1229 208 1265 editam
239 1236 364 1266 eontra
395 1230 506 1266 libros
538 1243 623 1266 suos
654 1231 784 1267 Leonis
815 1232 852 1267 X.
884 1232 1039 1271 Bullam‚
1081 1233 1166 1268 adeo
1207 1233 1337 1268 exarsit
1377 1245 1457 1269 mox
1488 1235 1558 1275 ira,
1599 1241 1638 1271 ut
1667 1236 1788 1272 convi-

79 1286 189 1321 tiandi
220 1286 437 1322 immanitate
468 1288 580 1333 magis
611 1288 731 1323 furere
763 1300 868 1335 quam
900 1289 1056 1325 scrihere
1088 1289 1278 1324 videretur.
1339 1290 1417 1325 Edi·
1447 1285 1454 1341 Ι
1486 1287 1787 1338 ξ’,ζὴῗζῗῗᾘξξῑῗξξξήξθῖ
1812 1297 1816 1301 “

79 1342 130 1377 dit
169 1342 286 1390 primo
323 1342 502 1383 libellum,
542 1344 597 1379 cui
638 1344 780 1379 titulum
822 1345 915 1380 lmue
951 1345 1049 1380 dedit
1082 1345 1270 1380 ‘Adversus
1309 1347 1543 1383 execrabilem
1575 1349 1787 1384 Anticliristi

34 1395 226 1435 ²⁰Bullam'
259 1427 400 1435 ......

34 836 65 863 10
