2133 3585
339 281 353 321 1
370 281 432 327 98
594 299 835 322 MAXIMILIANI
855 299 1015 321 CAESARIS
1034 298 1081 320 AD
1098 297 1301 320 PRINCIPVM
1322 296 1537 318 scm-:DVLAM
1556 295 1778 317 RESPONSVM.

336 403 548 446 praetendit,
576 406 612 434 et
636 402 854 434 necessariis
881 401 954 433 suis
978 400 1119 443 palatia
1144 399 1303 437 molitur,
1337 398 1469 430 Christi
1501 397 1660 430 fidelium
1684 397 1892 430 libertatem
1918 401 2035 430 osten-

336 462 411 499 tat,
438 459 499 501 qui
524 459 597 490 suis
623 468 737 499 regna
769 457 889 490 donat.
945 456 1028 489 Alia
1059 456 1162 498 plura
1194 454 1453 487 contumeliose
1477 454 1703 486 blatterabat
1725 454 1926 486 Huttonus:
1957 457 2037 486 tan-

336 518 482 556 tumque
507 515 626 556 potuit
650 514 820 553 dicendo,
845 516 885 545 ut
909 513 1093 557 Friderico
1119 512 1253 543 Saxoni
1277 521 1347 542 non
1372 510 1524 542 difficile
1549 510 1661 541 fuerit
1684 510 1872 552 Principes
1896 510 2037 542 Electo-

337 581 395 603 res
427 581 470 603 eo
501 570 700 610 adducere,
731 574 771 603 ut
801 570 971 602 schedam
1004 568 1253 610 conceperint,
1292 567 1330 598 in
1369 559 1439 608 qu'a
1472 566 1709 608 expeditionis
1747 568 1872 598 contra
1901 567 2038 598 Turcas

336 627 521 670 negotium
548 627 592 658 ad
618 627 691 659 alia
717 626 871 659 Comitia
895 625 1131 657 differendum
1156 633 1235 655 esse
1261 622 1519 662 existimarint,
1553 632 1702 663 eamque
1728 621 1807 654 loco
1831 623 2032 664 responsio·
2051 629 2066 653 5

336 684 392 715 nis
416 682 667 723 Maximiliano
694 686 730 714 et
754 683 906 724 Legatis
938 680 1156 723 Apostolieis
1188 679 1418 711 obtruserint.
1466 679 1522 710 Ea
1551 678 1714 720 perlecta
1745 681 1782 710 et
1810 682 1949 710 mature
1982 689 2041 710 ex·
2067 686 2081 693 ‘¹

340 740 502 771 aminata
528 738 652 771 Caesar
675 739 857 771 sententia
881 738 1100 779 Legatorum
1128 739 1164 768 et
1188 735 1379 767 Oratorum
1403 735 1439 766 111
1463 735 1604 767 modum
1621 737 1831 776 sequentem
1847 735 2041 777 respondit.

937 839 1132 877 CAESARIS
1163 837 1431 875 RESPONSVM.

451 921 680 957 Sanctissima
711 920 869 957 Cresarea
898 919 1083 960 Maiestas,
1123 924 1266 967 recepta
1303 928 1418 966 nuper
1459 917 1602 955 scedula
1632 917 1880 967 responsionis
1910 917 2045 955 Princi-

338 990 423 1026 pum
456 990 495 1014 ac
525 977 689 1013 Statuum
719 977 809 1013 sacri
839 976 986 1013 Romani
1016 975 1175 1023 Imperii,
1220 975 1254 1010 in
1285 974 1354 1011 1100
1383 975 1601 1022 Augustensi
1634 976 1816 1011 Conventu
1845 986 2042 1022 congrega·
2061 981 2090 1007 ιο

342 1040 478 1074 torum,
512 1046 620 1082 super
649 1033 807 1081 generali
838 1033 1063 1081 expeditione
1095 1037 1220 1068 contra
1250 1032 1383 1067 Turcas
1415 1031 1659 1079 suscipienda,
1690 1032 1812 1067 videns
1834 1043 1873 1067 ac
1893 1043 2044 1079 perpen-

339 1091 425 1127 dens
457 1090 552 1126 illam
583 1102 598 1126 a
632 1090 820 1138 proposito
851 1095 887 1125 et
925 1089 1099 1124 desiderio
1137 1087 1354 1124 sanctissimi
1393 1088 1527 1123 domini
1568 1088 1683 1124 nostri
1714 1100 1754 1124 ac
1782 1087 1939 1123 unanimi
1970 1087 2044 1124 l'ere

341 1147 499 1183 omnium
530 1147 665 1194 Regum
697 1158 734 1182 ac
765 1145 987 1193 reliquorum
1018 1144 1301 1180 Christianorum
1330 1145 1584 1181 Potentatuum
1615 1156 1762 1180 assensu
1798 1150 1833 1180 et
1862 1143 2045 1180 voluntate

339 1203 438 1238 valde
469 1203 648 1238 dissonam
679 1214 719 1238 ac
748 1201 898 1237 alienam
930 1212 1025 1241 csse,
1057 1212 1128 1237 non
1160 1206 1215 1236 est
1245 1200 1312 1236 sibi
1343 1199 1456 1236 visum
1488 1201 1620 1237 eisdem
1649 1200 1873 1248 Principibus
1901 1212 1940 1237 ac
1969 1200 2046 1236 Sta-

342 1259 435 1295 tilius
467 1259 703 1306 respondere,
736 1258 803 1293 nisi
835 1258 932 1305 prius
964 1269 1074 1305 super
1104 1257 1277 1293 eiusmodi
1308 1257 1557 1305 responsionis
1596 1263 1720 1293 tenore
1760 1262 1795 1293 et
1825 1257 2044 1293 continentia
2059 1262 2090 1288 15

340 1327 418 1352 cum
450 1314 764 1350 Reverendissimis
796 1314 932 1350 Sanctae
963 1313 1183 1362 Apostolicae.
1214 1314 1310 1349 sedis
1338 1313 1482 1361 Legatis
1513 1326 1554 1350 ac
1584 1313 1794 1349 Oratoribus
1824 1312 1980 1349 Francia}
2012 1318 2048 1349 et

338 1371 497 1409 Poloniae
530 1371 589 1419 qui
621 1371 712 1419 apud
745 1383 819 1407 cam
852 1376 982 1418 agunt,
1023 1370 1190 1418 quoniam
1230 1371 1427 1406 communis
1458 1382 1515 1406 res
1556 1370 1747 1418 agebatur,
1786 1369 1978 1417 diligenter
2008 1381 2047 1406 ac

339 1434 477 1470 mature
508 1427 736 1475 disceptaret.
796 1426 957 1463 Exhibita
990 1427 1100 1474 igitur
1138 1427 1257 1462 eadem
1299 1426 1486 1467 schedula,
1526 1427 1693 1474 omnique
1733 1426 1852 1462 studio
1892 1437 1931 1463 ac
1968 1425 2047 1462 dili·
2095 1447 2133 1458 -1

340 1484 460 1532 gentia
492 1490 562 1520 tam
592 1485 711 1520 ardua}
743 1489 779 1519 et
809 1484 1020 1520 neccssariae
1050 1483 1312 1531 propositionis
1344 1495 1520 1531 responso
1542 1484 1690 1519 invicem
1712 1483 1930 1523 examinato,
1961 1494 2046 1518 una-

340 1541 425 1576 nimi
465 1541 603 1577 tandein
637 1546 727 1586 ‚voto
766 1546 801 1576 et
831 1552 979 1576 assensu
1010 1540 1154 1576 nomine
1186 1540 1297 1575 totius
1330 1540 1538 1575 Christianae
1576 1539 1803 1588 reipublicae,
1844 1551 1949 1587 quam
1979 1539 2047 1587 ipsi
2061 1544 2094 1570 20

431 1674 459 1704 1.
471 1685 515 1700 Ξ
530 1673 638 1705 Bzov.
658 1673 721 1705 cit.
739 1676 823 1705 tom.
833 1647 930 1704 XIX.
949 1671 1068 1714 p.338.
1082 1683 1133 1714 sq.
1228 1675 1316 1704 a:
1333 1672 1494 1705 Goldast.
1515 1672 1575 1703 cit.
1595 1674 1681 1703 tom.
1698 1671 1746 1704 II.
1764 1683 1798 1714 p.
1819 1670 1894 1704 138.
1906 1682 1958 1714 sq.

811 1731 845 1761 3.
859 1741 904 1757 z
918 1729 1094 1770 Raynald.
1115 1729 1175 1761 eit.
1195 1732 1279 1760 tom.
1298 1729 1378 1759 XII.
1397 1727 1516 1769 12:204.
1529 1739 1579 1769 sq.

430 1819 443 1839 ὓ
469 1820 515 1852 cf.
534 1819 737 1852 Bartholin.
755 1820 870 1853 deser.
891 1830 991 1852 conv.
1011 1819 1099 1861 Aug.
1120 1817 1322 1861 §§.64.sqq.
1391 1818 1405 1838 ⁷
1428 1819 1548 1851 Minus
1574 1821 1692 1859 reete,
1726 1819 1757 1850 si
1790 1828 1868 1860 quae
1892 1818 2049 1850 Bzovius

340 1877 499 1907 Hutteno
518 1877 778 1918 Fridericoque
798 1876 931 1908 Saxoni
957 1876 1097 1907 crimini
1122 1875 1221 1907 dedit
1248 1875 1428 1917 excipias,
1454 1874 1722 1918 praecedentem
1741 1874 2050 1920 Conspltationem

341 1942 419 1963 cum
447 1932 604 1963 Caesaris
630 1943 800 1974 responso
825 1933 923 1964 infra
948 1933 1104 1974 repetito
1131 1933 1185 1964 sic
1204 1932 1390 1964 coniunxit
1407 1931 1635 1972 Raynaldus:
1663 1931 1956 1973 „Discrepabant
1972 1931 2051 1962 haee

340 1988 545 2020 Germaniae
570 1989 772 2031 principum
799 1989 955 2021 consilia
980 1999 1051 2021 non
1076 1999 1202 2030 parum
1228 2000 1249 2020 a
1273 1988 1487 2030 pontificiis,
1515 1983 1664 2029 cumque
1690 1988 1795 2030 plura
1820 1988 1863 2019 de
1887 1987 2052 2020 victoriis

341 2045 385 2075 ab
412 2044 495 2076 aliis
521 2046 689 2087 gentibus
715 2046 918 2077 referendis
943 2045 1173 2085 statuissent,
1214 2045 1258 2076 ab
1286 2044 1511 2076 admovenda
1537 2044 1795 2085 gloriosissimo
1820 2045 1921 2086 operi
1945 2054 2052 2076 manu

341 2101 507 2141 refugere
534 2101 769 2141 videbantur,
802 2102 833 2133 si
866 2102 1007 2143 quidem
1038 2101 1130 2133 nihil
1161 2101 1401 2133 decreverant
1432 2100 1474 2132 de
1508 2093 1692 2142 copiarum
1726 2111 1768 2132 ex
1794 2100 2052 2143 singulis'pro-

340 2157 470 2188 vinciis
496 2157 594 2190 illico
621 2158 962 2190 conscribendarum
980 2158 1368 2198 sustentandarumque
1387 2166 1551 2188 numero:
1579 2167 1659 2188 cum
1675 2157 1769 2188 enim
1787 2157 1959 2188 Pontifex
1978 2167 2050 2188 una

342 2223 420 2244 011111
445 2214 583 2255 Regum
609 2216 813 2247 oratoribus
840 2216 1059 2255 censuisset,
1086 2218 1125 2246 ut
1151 2214 1277 2245 Caesar
1301 2213 1407 2245 simul
1433 2223 1513 2244 cum
1530 2213 1690 2244 Poloniae
1708 2213 1808 2254 Rege
1836 2215 1871 2244 et
1896 2215 2051 2254 septem-

340 2270 427 2300 viris
454 2270 720 2313 quinquaginta
744 2271 861 2303 millia
886 2272 1064 2314 peditum,
1101 2271 1331 2312 equitumque
1357 2269 1489 2312 viginti
1515 2269 1631 2300 millia
1656 2270 1692 2300 in
1717 2269 1918 2301 Turcarum
1944 2269 2034 2300 finiti

341 2336 418 2356 mas
443 2326 650 2367 provincias
677 2327 888 2367 effunderet,
915 2328 983 2369 ipsi
1011 2327 1055 2359 ad
1081 2327 1116 2359 id
1142 2326 1399 2369 perficiendum
1419 2325 1571 2357 consilia
1588 2336 1658 2357 11011
1677 2315 2051 2357 accommodaverant.

342 2381 501 2423 Accepto
528 2376 651 2423 itaque
676 2383 745 2414 1100
772 2394 943 2425 responso
968 2384 1254 2423 Maximilianus,
1284 2394 1363 2414 cum
1382 2383 1486 2425 plura
1504 2382 1667 2413 maximis
1694 2382 1872 2423 implicita
1897 2381 2051 2413 difficul—

340 2439 477 2470 tatibus
503 2449 617 2480 ncque
645 2439 688 2470 ad
715 2440 849 2470 exitum
875 2441 1108 2482 perducenda
1140 2440 1358 2479 contineret,
1394 2438 1567 2471 consultis
1601 2439 1805 2470 oratoribus
1837 2437 1985 2469 Polonis
2018 2440 2053 2469 et

342 2494 458 2526 Gallis
484 2495 626 2526 1101111110
653 2495 871 2527 Christianae
898 2496 1129 2538 reipublicae,
1159 2507 1237 2527 cum
1264 2497 1339 2537 ipse
1367 2507 1388 2527 a
1412 2497 1536 2535 Dauo,
1563 2495 1737 2537 llungaro
1764 2501 1800 2527 et
1824 2494 1988 2536 Hispano
2007 2493 2052 2525 ad
2103 2480 2106 2512 l

342 2550 528 2583 ferendam
554 2562 616 2593 pro
642 2552 687 2583 iis
713 2553 932 2583 sententiam
951 2553 1134 2584 mandatis
1154 2552 1387 2594 amplissimis
1404 2552 1601 2583 instructus
1621 2554 1734 2590 esset,
1762 2550 1947 2593 proposuit
1965 2550 2052 2582 Ger-

340 2608 475 2639 manici
507 2608 648 2650 imperii
683 2618 852 2650 proceres
884 2619 953 2639 11011
987 2612 1043 2640 sat
1074 2609 1226 2641 hostiles
1259 2610 1356 2641 vires
1388 2608 1640 2650 perpendisse,
1677 2618 1756 2639 eum
1789 2607 1942 2639 Selimus
1973 2609 2054 2648 post

341 2664 532 2706 AEgyptios
556 2664 793 2706 perdomitos,
821 2665 932 2695 etiam
951 2665 1060 2707 sophi
1079 2666 1270 2697 Persarum
1289 2665 1532 2709 protrivisset:
1560 2664 1706 2705 singula
1724 2666 1853 2697 iterum
1880 2662 2052 2705 reipubli-

342 2730 395 2751 eae
414 2719 633 2752 Christianae
659 2720 869 2752 discrimina
896 2720 1022 2752 defixit
1046 2722 1081 2752 in
1107 2721 1223 2753 oculis
1250 2722 1468 2764 principum,
1496 2730 1628 2762 eosque
1647 2721 1751 2752 iussit
1769 2720 1973 2752 salubriora
1990 2729 2052 2761 pro

343 2775 572 2817 expeditione
599 2776 825 2809 conficienda
851 2778 993 2818 agitare
1021 2778 1192 2817 consilia,
1221 2779 1379 2819 dareque
1406 2787 1569 2820 operam,
1603 2788 1646 2809 ne
1680 2776 1909 2809 celeberrimi
1932 2776 2052 2818 Augu-

342 2838 481 2863 stenscs
507 2837 621 2864 emtus
648 2833 749 2865 irrito
776 2834 873 2865 exitu
899 2834 1199 2875 dissolverentur,
1233 2835 1417 2877 pollicitus
1451 2833 1682 2865 decernenda
1715 2832 1965 2875 colligendave
1990 2843 2053 2874 pro

342 2887 437 2919 hello
462 2899 566 2919 saei-0
593 2889 755 2921 subsidia
782 2890 816 2920 in
842 2890 960 2922 nullos
987 2890 1077 2922 alios
1103 2901 1188 2922 usus
1216 2901 1380 2923 aversum
1405 2891 1467 2930 iri,
1492 2893 1532 2921 ut
1557 2900 1600 2921 ex
1624 2889 1782 2932 publicis
1806 2889 1907 2921 hisce
1932 2892 2053 2921 monu-

343 2944 472 2975 mentis
498 2945 649 2986 patcbit.
682 2946 775 2985 (Ext.
799 2946 891 2987 apud
909 2946 1073 2989 Dolgast.
1108 2947 1175 2989 [sie
1202 2948 1392 2979 Goldastum
1416 2946 1532 2989 ubique
1566 2948 1716 2987 appellat
1741 2943 1869 2986 Italus]
1894 2948 1940 2977 to.
1959 2946 1992 2978 2.
2016 2956 2050 2986 p.
2120 2983 2121 2987 Ἰ

345 2998 458 3040 138.)”
486 3018 525 3022 ——
550 3002 628 3033 Non
656 3001 700 3033 ad
727 3001 825 3033 illam
854 3002 1188 3035 “consultationem
1216 3003 1492 3035 Germanicani''
1519 3002 1581 3033 scd
1609 3002 1652 3033 ad
1679 3002 1887 3044 Principum
1920 3004 1956 3033 et
1980 3004 2052 3033 sta·
2102 3021 2122 3035 ,ι

342 3060 438 3087 tuum
465 3058 645 3098 repulsam
670 3059 746 3090 sive
773 3059 981 3090 schedulam
1001 3061 1215 3100 Imperatori
1243 3060 1452 3098 exhibitam,
1479 3069 1584 3100 quam
1611 3069 1653 3089 ex
1672 3058 1887 3090 Bartholino
1912 3061 2052 3089 tantum

343 3112 472 3151 (deser.
491 3114 541 3151 ἐξ.
560 3115 613 3146 64.
632 3116 723 3156 sqq.)
749 3115 930 3157 cognitam
955 3116 1084 3154 habco,
1112 3116 1382 3148 Maximilianus
1408 3114 1681 3157 replicationem
1706 3114 1806 3147 dedit
1829 3117 2050 3156 sequentem.
2100 3103 2103 3126 ³

345 3168 357 3187 ὃ
382 3168 563 3202 Caesareae
590 3171 793 3203 maiestatis
819 3182 1037 3213 responsum.
1057 3173 1088 3203 2.
1101 3173 1134 3203 3.
1186 3171 1212 3192 ¹0
1236 3170 1286 3213 in]
1305 3172 1341 3203 ic
1354 3173 1386 3203 2.
1436 3169 1462 3191 ¹²
1488 3169 1535 3212 et]
1564 3181 1607 3202 ac
1625 3173 1696 3203 2.3.
1754 3169 1779 3191 ¹8
1804 3169 1955 3203 scedula
1972 3173 2006 3202 2.
