2133 3585
336 226 428 271 301)
460 246 589 267 LEONI&
610 247 661 267 1³1³.
685 247 715 268 X.
735 246 781 268 AD
801 245 1081 268 MAXIMILIANVM
1101 247 1174 268 IMI'.
1196 247 1373 269 EPISTVLA
1391 248 1424 270 D.
1444 247 1550 270 ROMAE
1570 249 1603 269 D.
1622 245 1648 269 5.
1668 248 1749 270 MAH
1767 248 1801 270 A.
1825 245 1899 270 lblq.

332 349 509 381 voluimus
535 360 597 381 nos
624 360 761 391 quoquc
788 350 823 380 in
850 349 915 381 hoc
940 359 1035 381 1111110
1061 359 1204 381 munere
1231 351 1385 380 nostrum
1412 349 1575 381 exaltare
1603 354 1638 382 et
1669 347 1810 383 v‘irtutis
1842 355 1912 383 tuae
1945 352 2036 383 iudi-

332 407 427 438 cium
453 409 490 438 et
514 407 673 448 egregiae
700 407 737 437 in
763 406 868 437 fidem
894 405 1030 438 Christi
1055 405 1252 438 voluntatis
1277 405 1534 445 testimonium,
1571 397 1675 448 quum
1706 399 1907 448 praesertim
1939 407 2037 440 nullo

331 473 488 505 unquam
513 466 673 505 tempore
704 462 834 493 iustius
866 471 972 503 quam
1002 462 1088 502 1100,
1122 473 1189 504 (1110
1216 461 1421 494 Christiana
1451 463 1660 505 respublica
1691 463 1811 505 impiis
1845 464 2036 496 conatibus

334 519 660 551 crudelissimorum
686 519 841 551 hostium
866 519 903 550 in
928 519 1122 551 discrimen
1147 521 1278 551 vocata
1302 521 1398 549 tuam
1414 518 1590 560 pietatem
1608 519 1909 561 sapientiamque,
1937 523 2036 552 tuam

334 577 592 608 auctoritatem
626 575 807 616 animique
840 576 1128 617 magnitudinem
1160 575 1311 606 maxime
1344 575 1510 616 requirit,
1544 575 1747 607 huiusmodi
1781 579 1911 608 sancta
1937 586 2038 608 arma

333 633 522 665 Maiestati
554 635 625 664 tuae
658 632 744 663 data
776 631 913 663 fuerint
946 642 988 663 ac
1021 631 1167 663 donata.
1217 632 1268 662 Ac
1300 641 1438 673 semper
1470 632 1612 673 quidem
1644 635 1679 664 te
1711 643 1774 674 pro
1801 631 2037 674 amplitudine

335 690 565 722 auctoritatis
591 692 661 720 11ιὶ0
689 689 893 720 accinctum
920 688 1042 730 gladio
1070 697 1149 719 esse
1176 686 1297 718 decuit
1322 694 1426 729 super
1452 688 1567 719 femur
1592 691 1706 729 tunm,
1734 691 1774 720 ut
1800 698 1897 720 esses
1923 682 2037 730 prom-

333 750 414 789 ptus
441 757 483 778 ac
510 748 659 788 paratus
685 748 760 776 tum
786 754 953 776 coercere
980 743 1178 785 improbos,
1206 747 1279 789 tum
1304 744 1404 775 bonis
1428 745 1597 786 praesidio
1625 755 1723 785 esse,
1751 748 1790 776 ut
1808 748 1905 777 esset
1921 745 1958 776 in
1976 747 2040 776 tua

332 803 637 846 praestantissima
662 801 838 844 dign-itate
866 804 901 833 et
927 800 1043 832 tutela
1062 801 1239 842 aequitatI,
1267 803 1301 831 et
1318 800 1456 832 iniuriae
1474 810 1581 842 poena
1601 801 1809 841 constituta.
1858 800 1928 832 Sed
1945 810 2040 832 nunc

334 871 403 893 non
429 864 503 892 tam
530 871 571 892 eo
598 859 802 891 accinctum
830 868 908 890 esse
936 867 1041 900 quam
1068 868 1148 889 eum
1180 857 1347 899 distringi
1378 859 1449 888 iam
1481 860 1517 888 et
1548 857 1684 889 vibrari
1718 860 1860 900 oportet
1891 856 2042 890 dextera

335 922 404 950 tuae
431 916 622 960 potentiae:
657 925 734 957 quae
762 915 859 946 enim
884 925 955 946 non
981 914 1082 945 modo
1110 923 1240 954 causa,
1274 924 1393 945 verum
1425 914 1533 945 etiam
1566 915 1711 946 occasio
1736 914 1849 946 maior
1876 924 1954 946 esse
1979 925 2040 956 po—

334 977 423 1014 test,
451 984 557 1016 quam
584 982 627 1004 ea
653 981 723 1013 qua
747 981 811 1003 nos
837 981 908 1002 non
934 971 970 1002 in
995 971 1199 1002 mediocres
1226 973 1287 1002 aut
1312 971 1353 1002 de
1380 970 1572 1012 longinquo
1604 973 1735 1011 metus,
1770 971 1834 1003 sed
1866 971 1904 1002 in
1928 966 2041 1002 maxi*-

335 1042 429 1063 mum
455 1034 491 1062 et
514 1038 675 1072 praesens
699 1028 900 1070 periculum
926 1038 1108 1067 vocamur,
1135 1038 1205 1059 non
1224 1028 1326 1060 modo
1345 1027 1534 1070 dignitatis
1552 1030 1697 1067 nostrae,
1725 1027 1788 1059 scd
1808 1028 1919 1059 etiam
1945 1027 2040 1059 salu-

335 1089 381 1119 tis
402 1087 620 1126 amittendae,
639 1085 711 1116 nisi
729 1084 965 1116 concordibus
986 1084 1116 1116 animis
1134 1085 1343 1126 Principum
1360 1088 1488 1126 tuoque
1508 1084 1672 1126 inprimis
1692 1084 1902 1116 Christiana
1919 1093 2043 1126 respu-

336 1145 435 1177 blica
461 1143 571 1175 fuerit
598 1142 691 1174 fulta
715 1141 900 1183 przesidio.
948 1141 1029 1187 Nec
1051 1151 1137 1173 vero
1163 1151 1227 1172 nos
1252 1141 1499 1173 vehementius
1523 1141 1759 1173 Maiestatem
1783 1144 1883 1173 tuam
1909 1143 1972 1172 aut
1998 1140 2043 1172 ad

334 1202 403 1234 hoc
428 1200 748 1243 praeclarissimum
774 1208 862 1240 opus
889 1198 1132 1239 suscipiendae
1158 1198 1195 1228 in
1220 1198 1327 1244 fidem
1353 1200 1450 1229 tuam
1474 1188 1630 1239 publicae
1657 1197 1787 1229 salutis
1811 1196 1949 1229 hortati
1974 1197 2042 1228 fui-

334 1269 411 1291 mus
438 1261 499 1290 aut
525 1257 581 1289 illi
606 1259 746 1287 tantam
774 1254 927 1298 gloriam
959 1257 1145 1286 tantumve
1178 1265 1309 1286 nomen
1342 1254 1557 1296 optavimus,
1592 1264 1696 1296 quam
1730 1255 1811 1296 ipsa
1842 1264 1913 1285 11011
1939 1253 2044 1285 nobis

335 1315 464 1353 solum,
500 1313 563 1346 sed
595 1316 723 1345 cuncto
758 1312 837 1344 orbi
863 1311 1072 1343 Christiano
1104 1321 1206 1343 suam
1239 1321 1402 1353 operam,
1436 1310 1556 1352 fidem,
1592 1311 1763 1343 auxilium
1790 1313 1826 1342 et
1850 1310 1983 1342 litteris
2010 1313 2046 1342 et

335 1372 476 1404 nunciis
508 1371 580 1402 iam
612 1369 743 1401 dudum
774 1368 941 1410 pollicita
974 1371 1039 1399 est.
1090 1368 1226 1408 Quibus
1264 1368 1407 1409 quidem
1439 1368 1507 1399 11115
1540 1367 1838 1409 promissionibus
1871 1378 1977 1410 quam
2008 1367 2045 1399 in

335 1439 435 1471 spem
462 1430 498 1459 et
523 1427 819 1469 expectationem
852 1425 897 1457 ab
931 1425 1096 1456 omnibus
1128 1428 1273 1456 ventum
1305 1424 1368 1463 sit,
1403 1428 1536 1466 quanta
1568 1424 1744 1456 alacritas
1777 1425 1977 1457 animorum
2008 1424 2046 1455 in

335 1485 493 1518 omnium
518 1483 677 1516 fidelium
703 1483 871 1514 cordibus
898 1482 1008 1513 fuerit
1034 1481 1248 1521 conciliata,
1276 1482 1434 1513 libenter
1450 1481 1697 1521 scriberemus,
1724 1481 1795 1513 nisi
1812 1481 2047 1513 Maiestatem

336 1546 434 1574 tuam
459 1540 550 1572 nihil
575 1540 691 1572 latere
718 1539 919 1571 fideremus.
970 1539 1090 1578 Quare
1126 1548 1204 1569 011111
1238 1540 1289 1569 ita
1321 1549 1377 1570 res
1411 1548 1448 1569 se
1480 1538 1634 1579 habeat,
1668 1548 1760 1580 cape
1793 1548 1894 1570 arma
1926 1548 2045 1577 manu,

335 1599 510 1640 Princeps
535 1596 751 1636 fortissime,
779 1599 815 1627 et
840 1596 935 1627 sacri
962 1595 1092 1637 gladii,
1122 1605 1226 1636 quem
1252 1595 1318 1626 tibi
1344 1595 1531 1633 mittimus,
1559 1595 1674 1626 aciem
1701 1595 1872 1626 adversus
1889 1595 1960 1626 Dei
1984 1594 2046 1626 ho-

337 1659 411 1688 stes
437 1658 543 1697 atque
571 1657 650 1685 tuos
678 1664 825 1693 exerce,
860 1662 1015 1694 appara,
1051 1652 1120 1682 dux
1145 1651 1233 1683 belli
1260 1652 1497 1690 sanctissimi,
1532 1652 1699 1683 defensor
1732 1651 1892 1693 gentium
1922 1661 2047 1683 verum

336 1714 453 1745 Deum
480 1711 692 1751 colentium,
725 1710 821 1742 ultor
846 1709 1098 1740 barbarorum:
1135 1709 1263 1750 quibus
1298 1710 1392 1739 onim
1418 1708 1534 1740 titulis
1558 1708 1766 1740 honoratior
1797 1711 1859 1740 aut
1890 1718 1958 1750 quo
1984 1718 2045 1750 ge-

338 1781 422 1802 nere
450 1780 544 1801 curae
571 1772 678 1810 atque
703 1767 841 1799 laboris
867 1765 1040 1797 illustrior
1067 1776 1144 1797 esse
1172 1768 1274 1807 potes
1301 1775 1408 1806 quam
1426 1765 1456 1796 si
1474 1765 1670 1808 Augustam
1688 1766 1796 1797 istam
1814 1765 2044 1806 dignitatem,

339 1838 408 1868 qua
433 1826 565 1868 polles,
600 1836 642 1856 ac
669 1823 890 1865 singularem
916 1823 1105 1861 virtutem,
1141 1833 1211 1863 qua
1243 1822 1417 1864 praeditus
1444 1832 1498 1862 05,
1531 1823 1568 1853 111
1593 1822 1646 1853 1115
1672 1822 1778 1854 rebus
1805 1821 2046 1854 collocaveris

338 1894 416 1925 quae
442 1883 596 1914 maxime
624 1884 660 1913 et
678 1879 861 1912 Catholici
886 1877 1119 1921 Imperatoris
1145 1879 1321 1920 pietatem
1347 1877 1548 1921 postulant,
1578 1881 1612 1910 et
1628 1878 1921 1921 praestantissimi
1946 1877 2048 1910 ducis

336 1940 530 1972 virtutem?
556 1939 627 1970 Nos
654 1938 796 1980 quidem
823 1937 914 1979 quod
940 1936 1054 1968 officii
1080 1936 1191 1967 nostri
1219 1939 1254 1967 et
1280 1936 1410 1968 amoris
1437 1946 1523 1977 erga
1547 1936 1778 1967 Maiestatem
1802 1939 1901 1967 tuam
1926 1935 2048 1974 fuerit,

336 1996 475 2028 nullum
500 1996 617 2027 locum
643 1998 831 2036 tempusve
856 1994 1178 2036 praetermittemus
1205 1992 1443 2024 testificanda·
1477 1995 1584 2034 atque
1618 1992 1841 2024 illustrandae
1873 1995 1948 2023 tum
1973 1991 2048 2034 pie-

337 2053 426 2085 tatis
460 2055 496 2084 et
526 2051 857 2094 magnanimitatiS,
900 2053 974 2081 tum
1006 2053 1139 2082 nostrae
1172 2051 1208 2081 in
1241 2053 1277 2081 te
1310 2059 1456 2081 sumnne
1488 2052 1740 2091 perpetuaeque
1773 2048 2047 2080 benevolentium

337 2110 418 2141 Erit
443 2112 563 2140 autem
589 2112 660 2141 tuae
686 2108 783 2139 illius
809 2108 912 2139 nobis
938 2110 1051 2146 notre,
1087 2107 1250 2139 omnibus
1283 2116 1368 2138 vero
1396 2106 1552 2138 laudatae
1578 2106 1768 2148 sapientiae
1796 2105 2050 2138 animadversa

338 2167 531 2198 occasione
559 2169 595 2198 et
620 2165 889 2208 opportunitate
916 2168 1114 2206 temporum
1139 2163 1370 2206 periculoque
1397 2162 1517 2204 (quod,
1544 2163 1614 2194 nisi
1638 2164 1779 2196 obviam
1806 2166 1919 2203 eatur,
1939 2163 2049 2194 omni-

339 2223 405 2255 bus
430 2221 605 2263 imminet)
633 2223 717 2254 darc
746 2233 891 2264 operam
919 2225 954 2254 et
981 2221 1147 2259 efficere,
1176 2224 1215 2251 ut
1240 2224 1303 2252 tua
1331 2221 1462 2251 eximia
1487 2221 1601 2252 virtus
1628 2232 1669 2252 ac
1695 2219 1855 2262 dignitas
1882 2219 1948 2251 tibi
1975 2219 2049 2261 glo-

340 2281 454 2319 riosa,
490 2279 567 2311 orbi
601 2284 776 2310 terrarum
809 2278 981 2310 salutaris
1017 2277 1130 2309 fuisse
1158 2278 1336 2319 videatur.
1409 2277 1542 2308 Datum
1569 2277 1689 2309 Romae
1723 2276 1817 2319 apud
1843 2276 1878 2309 S.
1904 2277 2050 2308 Petrum

340 2337 405 2369 sub
432 2336 562 2368 annulo
591 2335 788 2367 l'iscatoris
815 2335 873 2366 die
900 2335 940 2366 V.
960 2335 1050 2366 Maii
1076 2334 1176 2365 Anno
1204 2333 1301 2365 1518.
1330 2333 1565 2365 Pontificatus
1590 2334 1697 2365 nostri
1727 2344 1820 2366 anno
1846 2336 1960 2367 sexto.

341 2451 481 2493 Saepius
508 2449 731 2491 publicatam
759 2447 952 2489 epistulam
972 2448 1268 2489 transcripsinnls
1296 2459 1337 2479 ex
1356 2448 1499 2480 lixovio.
1527 2446 1668 2481 (Annal.
1688 2451 1770 2478 10111.
1790 2447 1885 2478 XIX.
1907 2458 1939 2488 p.
1959 2445 2050 2487 341.)

2096 2434 2100 2448 1
