2133 3585
257 307 507 329 CONSVLTATIO
526 307 737 328 GERMANICA
756 296 957 328 PROPOSITA
975 306 1019 327 AB
1038 306 1287 328 ELECTORIBVS
1306 307 1349 327 ET
1369 307 1398 327 C.
1418 306 1450 328 A.
1471 302 1548 328 1517.
1657 287 1748 331 185

65 412 441 448 reverendissimorum
471 410 706 447 Cardinalium
743 412 896 459 collegio
935 423 973 446 ac
1003 410 1285 447 Christianorum
1315 412 1447 458 Regum
1484 416 1520 446 et
1548 412 1751 459 Principum

67 468 295 508 Oratoribus,
329 468 390 515 qui
420 478 486 515 pro
516 467 760 503 consultandis
790 468 962 503 universae
984 466 1190 502 Christiana}
1222 466 1426 514 reipublicae
1458 467 1670 513 urgentibus
1692 479 1751 503 ne-

67 524 176 571 gotiis
208 536 247 560 ac
277 523 493 559 incumbenti
524 523 631 559 huius
664 525 834 572 temporis
873 523 1084 559 necessitate
1121 523 1155 557 in
1194 523 1318 558 urbem
1349 523 1539 558 Remanam
1579 534 1751 558 convene-

66 586 167 619 runt,
199 592 269 615 non
300 580 431 626 absque
463 580 633 615 immenso
664 580 782 615 cordis
813 580 866 615 sui
904 579 1028 615 dolore
1067 590 1131 625 pro
1171 578 1362 625 pastoralis
1399 579 1453 614 sui
1486 578 1592 614 officii
1626 579 1659 613 in
1690 579 1751 614 do-

36 636 231 672 5minicum
263 647 406 683 gregem
438 635 503 670 sibi
534 637 667 671 eredita
698 648 781 672 cura
811 636 926 671 animo
949 634 1155 674 revolverit,
1188 641 1378 682 exacteque
1400 646 1439 670 ac
1460 634 1651 682 diligenter
1672 646 1751 682 per-

64 692 245 740 penderit,
280 697 412 739 quanto
443 691 510 727 iam
543 698 701 739 tempore
734 697 965 728 sacrosanctae
997 690 1074 726 fidei
1106 696 1239 726 nostrae
1263 691 1598 738 -perpetu'ntuhostes‚
1631 691 1752 726 imma-

64 748 209 783 nissima
242 760 280 783 ac
310 747 537 795 spurcissima
569 749 762 784 'furcarum
792 759 896 795 gens,
929 748 1072 794 impune
1104 748 1138 782 in
1169 747 1390 782 Christianos
1420 747 1648 786 debacchata,
1680 758 1752 782 non

65 804 169 839 modo
202 804 366 839 finitimas
397 805 563 850 regiones
586 805 776 844 Aetoliam,
806 804 1085 851 Peloponesum‚
1116 803 1299 842 Achaiam,
1331 803 1524 843 Arcadiam,
1558 803 1750 843 Thraciam,

66 859 261 895 universam
285 859 470 900 Graeciam,
495 861 728 900 Thessaliam,
750 860 979 907 Magnesiam,
1002 859 1255 899 Macedoniam,
1278 859 1441 906 Epirum,
1463 859 1640 899 Euboeam,
1670 859 1752 895 Moe-

22 916 168 956 iosiam,
209 917 391 963 ipsamque
429 917 618 952 Orientalis
663 917 837 964 quondam
882 916 1022 963 Imperii
1068 916 1186 951 sedem
1226 915 1587 963 Constantinopolim,
1632 915 1753 951 multis

64 973 163 1019 prius
194 972 480 1012 excursionibus,
513 973 692 1019 stragibus
722 972 950 1020 caedibusque
981 978 1132 1007 vastatas
1162 972 1289 1009 ditioni
1322 972 1458 1007 tandem
1490 984 1562 1008 suae
1594 971 1753 1008 subiece-

65 1029 128 1068 rit,
161 1029 221 1064 sed
253 1029 288 1063 in
320 1029 430 1076 ipsius
462 1028 569 1065 ltalia}
600 1030 731 1064 viscera
762 1034 798 1064 et
827 1028 1016 1075 aliquando
1047 1040 1118 1063 non
1150 1028 1275 1075 procul
1307 1040 1324 1063 a
1345 1028 1508 1064 Romanae
1539 1028 1638 1064 urbis
1668 1039 1752 1064 moe—

63 1084 188 1124 nibus,
220 1085 278 1120 nbi
303 1085 494 1120 Christiani
526 1085 680 1120 nominis
712 1091 819 1132 caput
848 1090 883 1120 et
914 1085 1169 1132 Apostolorum
1201 1085 1319 1120 sedem
1351 1084 1502 1120 locatam
1524 1084 1666 1124 scimus,
1697 1084 1751 1120 su-

64 1141 156 1176 roris
188 1141 241 1175 sui
274 1141 369 1176 rabie
409 1142 647 1188 penetraverit
686 1141 882 1188 spoliisque
920 1141 1052 1177 nostris
1092 1153 1197 1176 ovans
1230 1141 1419 1188 przedaque
1452 1146 1601 1176 onustus
1632 1140 1751 1176 multi-

21 1205 50 1230 15
65 1196 145 1244 plici
186 1197 220 1232 in
258 1198 411 1244 patrium
453 1197 566 1233 solum
614 1197 747 1233 inultus
792 1197 1028 1237 concesserit;
1074 1197 1430 1244 animaduerteritque
1469 1197 1751 1233 Christianorum

60 1261 217 1292 mentes,
259 1259 318 1289 aut
357 1254 404 1289 ita
441 1253 579 1290 delictis
617 1254 752 1289 nostris
790 1254 1082 1301 exposcentibus,
1129 1259 1189 1289 aut
1226 1253 1379 1289 fortasse
1418 1254 1573 1301 propriis
1614 1259 1750 1290 tantum

61 1309 254 1344 commodis
287 1310 462 1345 inhiantes
493 1311 760 1356 communisque
792 1310 916 1345 salutis
948 1310 1190 1350 immemores,
1234 1309 1500 1345 lamentantium
1532 1309 1684 1357 gemitus
1716 1315 1751 1346 et

61 1377 315 1414 oppressorum
354 1366 551 1413 lachrymas
592 1366 710 1400 surdis
751 1366 895 1401 auribus
941 1371 976 1401 et
1021 1365 1290 1401 conniventilnis
1335 1365 1446 1402 oculis
1491 1371 1750 1413 praetereuntes

60 1421 155 1456 nulla
187 1422 357 1457 hactenus
389 1428 458 1457 tam
489 1422 685 1457 crudelium
725 1422 880 1457 hostium
918 1422 1105 1457 conatibus
1138 1422 1413 1469 vulneribusque
1444 1423 1651 1458 Christianae
1682 1423 1750 1459 rei-

14 1486 46 1510 20
60 1477 209 1524 publicie
242 1477 350 1513 illatis
381 1478 533 1513 remedia
564 1478 778 1513 adhibuisse.
838 1478 970 1520 Quodsi
1001 1479 1154 1513 sortasse
1185 1491 1224 1513 ea
1259 1478 1402 1514 tolerari
1432 1484 1637 1526 potuerunt,
1668 1479 1749 1514 dum

59 1533 174 1568 hostis
213 1534 377 1581 publicus
424 1535 580 1570 nondum
622 1535 657 1570 iu
696 1545 757 1569 eos
797 1546 961 1570 accessus
992 1540 1168 1573 creverat,
1214 1535 1248 1570 in
1281 1534 1409 1582 quibus
1441 1547 1533 1570 nunc
1562 1534 1676 1582 palam
1708 1535 1750 1570 ah

60 1589 224 1625 omnibus
258 1590 467 1637 inspicitur,
501 1591 667 1638 quodque
699 1591 728 1625 si
760 1591 914 1626 sortasse
947 1591 1068 1626 caeieri
1092 1591 1285 1626 Turcarum
1318 1591 1457 1638 tyranni
1489 1603 1530 1627 eo
1562 1591 1700 1627 facilius
1732 1603 1748 1626 a

58 1645 266 1681 Christianis
288 1647 512 1694 Principibus
537 1647 779 1687 terrebantur,
813 1647 873 1695 qui
894 1648 976 1682 dum
1000 1647 1157 1694 quaedam
1180 1648 1286 1683 etiam
1317 1658 1387 1682 non
1418 1648 1553 1683 modica
1575 1659 1684 1694 regna
1716 1653 1750 1683 et

59 1702 205 1749 imperia
245 1715 317 1738 sua!
357 1703 483 1738 ditioni
525 1703 786 1743 subdidissent,
832 1704 988 1739 nondum
1025 1709 1141 1739 tamen
1181 1704 1359 1751 cogitatus
1397 1710 1619 1751 conatusque
1665 1716 1748 1739 suos

13 1766 43 1789 ’.5
59 1770 180 1793 omnes
212 1770 254 1794 eo
286 1760 504 1799 direxerant,
546 1766 583 1795 ut
623 1760 690 1794 sibi
734 1760 937 1795 universum
976 1760 1098 1795 orbem
1126 1760 1342 1796 subderent.
1402 1766 1436 1795 at
1467 1760 1630 1806 profecto
1669 1772 1749 1795 cuin

57 1814 91 1849 in
131 1816 401 1862 praesentiarum
435 1816 500 1851 sibi
533 1816 767 1851 ante-oculos
799 1817 1072 1863 proponendum
1103 1816 1298 1852 arbitiatus
1329 1817 1392 1857 sit,
1433 1816 1546 1863 qualis
1578 1822 1749 1863 quantus-

57 1882 125 1917 que
157 1871 203 1906 sit
233 1883 392 1918 praesens
424 1872 479 1908 hie
511 1872 708 1907 eommunis
741 1873 895 1907 omnium
927 1873 1062 1912 hostis,
1109 1873 1169 1919 qui
1212 1885 1281 1908 non
1313 1873 1508 1908 innumeris
1540 1873 1612 1908 suis
1643 1873 1749 1908 ditio-

55 1926 178 1966 nibus,
221 1939 292 1962 non
333 1928 453 1975 regnis
493 1934 529 1963 et
568 1929 745 1976 imperiis,
787 1940 866 1975 quae
905 1929 1052 1964 antehac
1092 1930 1343 1976 progenitores
1385 1929 1437 1965 sui
1479 1942 1494 1964 a
1524 1929 1749 1976 Principibus

55 1983 263 2018 Christianis
296 1990 512 2031 rapuerunt,
551 1997 621 2019 non
662 1990 735 2019 tota
774 1985 847 2019 sere
888 1985 966 2019 Asia
1007 1991 1041 2020 et
1080 1997 1204 2031 magna
1235 1991 1335 2033 parte
1366 1986 1516 2032 Europae
1547 1990 1748 2024 contentus,

11 2045 43 2071 3ο
56 2039 136 2075 suso
168 2039 267 2086 prius
298 2041 494 2087 attritoque
533 2041 637 2075 variis
676 2040 835 2076 cladibus
865 2041 1052 2076 Persarum
1084 2042 1177 2088 Rege
1216 2042 1426 2088 duobusque
1457 2041 1602 2088 AEgypti
1635 2040 1748 2076 Sulla-

54 2095 108 2130 nis
139 2095 331 2131 crudeliter
363 2097 565 2137 trucidatis,
607 2110 645 2132 ac
677 2097 797 2144 Syriae,
829 2097 983 2137 Arabiae,
1025 2097 1170 2144 AEgypti
1211 2104 1245 2133 et
1283 2097 1404 2133 multis
1434 2095 1565 2132 Africae
1594 2094 1749 2143 regioni-

54 2150 142 2191 bus,¹
170 2153 390 2199 praesertim,
422 2159 461 2188 nt
492 2154 624 2193 fertur,
657 2153 797 2200 Bugioe,
831 2154 960 2188 Tunesi
984 2154 1260 2201 Tremezenique
1292 2155 1412 2201 regnis
1442 2153 1592 2201 potitus,
1624 2159 1748 2189 natura

26 2309 40 2322 a

142 2328 151 2348 ¹
179 2330 292 2371 princ.
314 2334 349 2361 et
369 2342 443 2372 reg.
465 2333 497 2362 4.
560 2329 572 2349 ²
597 2332 765 2362 universe
792 2331 987 2362 christiane
1020 2331 1218 2372 reipublice
1245 2334 1276 2363 4.
1303 2337 1334 2363 et
1358 2333 1405 2363 sic
1430 2335 1462 2362 z‘n
1485 2341 1559 2373 sqq.
1588 2342 1605 2362 e
1628 2342 1693 2373 pro
1720 2343 1749 2363 ae

50 2396 152 2426 scepe,
181 2388 222 2418 de
249 2398 324 2429 qno,
350 2392 383 2418 uc
409 2388 450 2418 (le
476 2398 494 2418 c
516 2398 581 2428 pro
608 2390 621 2418 t
646 2392 678 2417 et
703 2387 861 2418 similibus
886 2398 949 2418 uon
975 2387 1156 2418 adnotabo.
1211 2386 1224 2406 3
1249 2388 1347 2419 Rom.
1367 2388 1443 2419 urb.
1466 2390 1540 2419 2.4.
1598 2387 1611 2406 ⁷
1636 2388 1748 2419 Thur-

54 2443 137 2472 caru
156 2444 190 2474 2.
209 2443 295 2485 αἰκίᾳ.
345 2443 356 2462 '³
382 2443 568 2474 finittimas
588 2446 620 2474 2.
678 2443 874 2474 „Etboliain
902 2446 973 2474 1.2.
1032 2435 1316 2484 Peloponensein
1344 2438 1374 2474 2'.
1402 2444 1688 2485 Peloponensum
1716 2447 1746 2476 4.

51 2498 235 2539 Aehayam
256 2501 287 2532 4.
314 2499 490 2530 Archadia
514 2501 545 2530 2.
561 2501 591 2530 4.
640 2500 833 2530 Thraciam
859 2511 920 2530 om.
938 2503 970 2531 2.
996 2501 1058 2531 secl
1080 2500 1199 2531 liabent
1225 2501 1395 2531 'fraciam
1416 2505 1495 2541 post
1520 2501 1690 2532 Messium
1716 2504 1748 2532 2.

51 2552 63 2571 ³
88 2554 329 2595 Magnessiam
350 2558 381 2585 2.
430 2556 586 2596 Epyrum
615 2557 683 2588 l.4.
713 2556 889 2596 llpyremn
910 2558 938 2586 2.
996 2556 1198 2587 AEuboeam
1218 2559 1248 2587 2.
1298 2557 1450 2587 Mesiam
1470 2559 1500 2588 1.
1528 2557 1698 2588 Messiam
1716 2560 1748 2588 2.

51 2609 213 2641 Moesiam
245 2621 304 2642 om.
325 2613 355 2642 4.
447 2609 471 2630 ¹¹
504 2615 539 2642 et
570 2612 631 2642 dit.
654 2614 683 2642 4.
734 2621 796 2641 suo
823 2613 854 2641 4.
941 2612 1132 2644 subiicerit
1159 2616 1189 2643 2.
1271 2612 1336 2632 ¹2¹3
1370 2611 1488 2653 moen]
1522 2613 1690 2645 membris
1717 2615 1748 2644 4.

10 2709 13 2713 ι
52 2663 77 2683 ¹3
101 2664 221 2697 locata
247 2669 278 2698 4.
329 2665 355 2686 ¹4
381 2667 458 2708 Pro·¹
475 2667 600 2708 spoliis
688 2668 840 2697 fortasse
868 2672 1007 2710 quinque
1031 2674 1154 2709 lumem
1178 2670 1273 2700 habel
1294 2672 1324 2700 4.
1374 2672 1502 2700 onusta.
1529 2672 1558 2701 2.
1608 2668 1633 2688 ¹5
1659 2670 1749 2700 inul-

50 2719 118 2763 tus]
146 2722 257 2754 multa
282 2726 315 2754 2.
364 2722 390 2742 ¹8
415 2723 610 2754 lachrimas
638 2728 666 2754 2.
717 2724 999 2756 comniuentibus
1018 2728 1050 2756 4.
1100 2724 1125 2744 ¹¹³
1152 2729 1224 2756 tani
1297 2726 1488 2757 conatibus
1513 2736 1572 2756 om.
1592 2727 1623 2755 4.
1673 2726 1749 2756 vul-

50 2778 195 2809 neribus
222 2779 268 2809 42
301 2778 329 2799 ²⁰
354 2779 518 2810 tollerari
544 2782 617 2810 1.2.
664 2778 689 2798 2¹
717 2780 835 2820 palam
861 2789 954 2811 nunc
981 2783 1012 2811 4.
1062 2781 1105 2812 ab
1132 2792 1192 2812 om.
1212 2783 1242 2812 4.
1294 2780 1324 2825 ‚²²
1351 2782 1512 2822 quodque
1539 2781 1569 2811 si
1597 2783 1627 2811 4.
1677 2782 1747 2813 for-

0 2827 1 2878 }
49 2835 147 2864 tasse
172 2845 233 2865 om.
253 2837 283 2866 4.
333 2835 464 2866 Tui-cli.
485 2837 515 2866 4.
571 2834 638 2854 ²2²³
665 2847 685 2865 :t
711 2835 984 2877 (³111·.Pr.te1-r.]
1013 2837 1231 2867 verebantur
1256 2839 1286 2868 4.
1342 2837 1369 2856 ‘23
1403 2838 1448 2869 (lsi
1475 2837 1545 2867 etia-t
1571 2848 1602 2877 q.
1621 2847 1691 2869 non
1718 2840 1748 2869 1.

0 2881 3 2935 ἶ
48 2887 76 2907 ²⁸
109 2899 173 2920 sua
204 2891 432 2922 subedissent
459 2893 489 2922 4.
555 2894 672 2922 conat.
694 2896 724 2922 et
752 2902 874 2922 omnes
900 2903 960 2922 om.
981 2894 1010 2922 4.
1075 2891 1102 2910 ²⁷¹
1133 2893 1297 2934 profecto
1386 2903 1543 2935 prwsens
1568 2903 1628 2924 om.
1649 2896 1681 2925 3.
1710 2895 1745 2925 in

2 2981 3 2990 ἵ
50 2955 154 2986 praes.
174 2956 233 2976 om.
253 2948 284 2977 4.
339 2947 367 2966 ²¹⁶
393 2951 475 2978 ante
504 2959 556 2979 ου.
577 2960 638 2979 oni.
658 2948 688 2978 4.
745 2947 771 2966 '2⁷
799 2958 923 2979 comni.
944 2958 1035 2979 omn.
1054 2960 1114 2980 om.
1134 2951 1164 2980 4.
1213 2949 1327 2981 hostis
1355 2956 1494 2990 (nempe
1514 2948 1684 2985 Sclimus)
1712 2952 1744 2981 3.

2 2995 3 2998 ¹
50 2997 78 3019 ²5
103 3010 172 3031 non
198 3011 223 3031 r.
244 3004 279 3032 et
304 3002 386 3043 imp.
406 3015 465 3034 om.
487 3006 517 3035 4.
571 3003 597 3022 ‘²⁸³
626 3004 708 3034 (ihr.
728 3003 938 3044 prine.·3.4.
995 3003 1024 3022 ³⁰
1050 3008 1131 3036 attr.
1151 3017 1182 3037 v.
1203 3005 1244 3037 cl.
1263 3016 1322 3038 om.
1343 3008 1373 3037 4.
1429 3003 1546 3046 duob.]
1573 3005 1744 3037 Toumani

50 3056 119 3097 bey
146 3060 181 3086 et
198 3057 319 3089 Horuc
337 3059 572 3090 Barbarossa.
623 3060 881 3100 Aegyptiorum
903 3062 934 3090 lt.
960 3061 1196 3101 Egyptiorum
1216 3064 1246 3092 4.
1294 3061 1320 3080 ³¹
1349 3073 1391 3092 ac
1418 3059 1543 3101 Syriael
1570 3061 1745 3102 Assyria»

51 3121 117 3152 que
144 3114 238 3143 1....‘›'.
264 3113 364 3154 Asyr.
383 3117 414 3145 2.
464 3116 572 3156 Aphr.
592 3119 623 3147 2.
636 3118 666 3146 4.
716 3115 743 3134 ³²
768 3118 806 3145 ut
832 3114 872 3156 f.]
899 3104 1053 3147 refertur
1071 3118 1101 3147 4.
1151 3117 1312 3149 Thunczi
1331 3120 1360 3149 4.
1409 3118 1690 3158 Treuicseniqu(¹
1712 3121 1744 3148 ,7.

4 3183 5 3193 2
50 3170 178 3199 natura
265 3169 438 3210 glorietur
462 3173 572 3202 own-1.
