2133 3585
254 301 504 324 CONSVLTATIO
523 300 734 326 GERMANJCA
753 300 955 323 PRoPOSITA
973 300 1017 321 AB
1037 300 1286 322 nnncromnvs
1306 300 1348 321 nr
1368 301 1398 324 (5,
1414 300 1447 320 A.
1465 295 1540 321 1517.
1647 279 1739 326 197

55 418 161 454 supra
192 406 393 454 proposita,
425 417 504 441 euin
536 417 575 441 ea
606 406 799 445 disserant,
842 406 1039 442 examinent
1069 411 1103 440 et
1132 404 1334 441 consultent.
1364 410 1400 440 et
1429 405 1468 439 ad
1501 406 1742 441 executionem

53 464 226 510 dirigant,
259 473 298 497 ac
329 474 393 509 pro
425 461 629 497 conditione
661 468 695 497 et
725 463 937 499 necessitato
968 472 1085 496 rerum
1117 460 1346 499 concludant,
1379 466 1414 495 et
1445 460 1534 507 apud
1566 472 1642 495 eam
1666 466 1741 495 toto

56 519 206 554 triennio
237 518 385 553 durante
416 518 639 564 expeditione
670 520 878 565 persistant,
911 524 945 553 et
976 529 1014 567 ea
1047 528 1125 563 qua}
1158 517 1274 552 Ronne
1316 528 1378 564 per
1417 528 1592 551 summum
1623 517 1742 551 l’onti-

53 574 150 610 sicem
188 586 226 609 ae
264 574 417 609 omnium
458 574 609 620 Regum,
649 572 850 622 Principum
890 586 928 609 ac
966 574 1218 608 I'otentatuum
1267 575 1433 608 Oratores
1471 571 1740 611 concludentur,

21 630 250 666 5exeentioni
283 630 434 664 mandari
467 630 602 669 iuvent,
642 636 677 665 ct
717 630 914 677 pra¹sertim
947 641 1024 676 quae
1063 629 1104 664 ad
1136 629 1332 664 Africanam
1373 628 1629 676 prosectionem
1662 639 1742 674 spe—

51 691 147 722 ctare
177 685 407 724 videbuntur,
439 692 548 732 prout
578 692 613 721 et
643 698 699 721 res
733 688 805 734 ipsa
844 691 879 721 et
910 685 1066 720 bostium
1098 685 1138 720 ad
1172 685 1327 720 suturam
1360 690 1517 719 :estatem
1550 689 1741 731 apparatus

51 742 234 789 requirere
265 742 414 778 videtur.

161 802 214 836 38.
246 798 337 832 idem
369 798 499 833 sacient
528 798 658 845 Reges,
697 798 878 845 Principes
917 803 951 832 et
990 797 1218 834 l‘otentatus,
1261 798 1318 843 qni
1362 796 1575 831 Francorum
1614 796 1740 842 Regem

50 854 205 889 secuturi
237 859 335 893 sunt,
369 860 403 888 et
434 866 518 888 suos
549 854 714 889 Oratores
745 855 784 889 ad
817 854 959 900 negotia
991 852 1048 888 illa
1080 853 1289 900 perficienda
1321 853 1360 887 ad
1393 852 1490 887 illum
1522 853 1675 891 mittent,
1707 857 1740 886 et

9 914 37 939 ¹⁰
53 909 158 945 etiam
189 910 279 957 apud
310 922 388 945 eum
420 910 654 956 persistentes
685 922 723 945 ea
754 910 890 945 ratione
922 909 1061 956 singula
1093 921 1216 944 curare
1246 908 1397 944 babeant
1427 914 1462 944 et
1492 908 1665 955 expedire.

160 970 213 1004 39.
247 965 366 1001 Tertio
398 967 503 1001 etiam
536 967 736 1013 quicunque
767 978 845 1001 cum
876 965 1032 1001 Poloniie
1063 966 1157 1012 Rege
1196 965 1261 1000 hoc
1300 965 1460 1012 proximo
1499 976 1590 999 aimo
1624 965 1741 1011 prose-

47 1022 139 1058 cturi
171 1027 272 1060 sunt,
305 1024 472 1057 Oratores
504 1035 588 1057 suos
620 1022 784 1057 similiter
814 1034 879 1069 pro
914 1022 1102 1057 tractandis
1126 1022 1230 1056 rebus
1253 1020 1416 1056 omnibus
1439 1021 1600 1060 mittent,
1633 1026 1742 1067 prout

48 1084 83 1114 et
113 1090 169 1114 res
200 1078 283 1125 ipsa
306 1084 341 1113 et
371 1079 528 1114 bostium
559 1079 599 1114 ad
631 1079 789 1114 suturam
820 1084 977 1113 aestatem
1010 1084 1201 1125 apparatus
1233 1077 1418 1124 requirere
1451 1077 1674 1113 videbuntur.

159 1139 212 1171 40.
244 1134 319 1171 Non
351 1134 465 1170 minus
497 1136 600 1169 etiam
631 1135 814 1181 negotium
847 1133 1074 1181 expostulare
1104 1135 1279 1174 ereditur,
1321 1139 1358 1168 ut
1388 1134 1501 1180 Reges
1539 1145 1579 1168 ac
1607 1133 1741 1168 Princi-

6 1196 108 1238 ¹5pes
139 1190 328 1225 Christiani
360 1190 448 1226 alios
480 1191 646 1226 Oratores
678 1191 713 1226 in
734 1191 860 1226 Urbem
894 1191 932 1225 ad
965 1191 1227 1225 sanctissimum
1258 1190 1436 1225 dominum
1468 1195 1630 1224 nostrum
1662 1189 1742 1224 mit-

49 1251 142 1286 tant,
175 1252 234 1282 aut
264 1258 324 1281 eos
357 1247 416 1293 qui
448 1258 539 1282 nnnc
570 1252 675 1291 sunt,
706 1248 932 1285 conlirmcnt,
967 1247 1023 1293 qni
1057 1246 1110 1281 bis
1144 1247 1256 1281 tribus
1288 1246 1387 1281 annis
1418 1245 1651 1292 suscipien‹l.-1·.
1684 1257 1741 1280 ex-

47 1302 239 1350 peditionis
270 1315 349 1338 cum
381 1315 441 1337 sua
474 1303 668 1337 Sanctitate
700 1303 842 1349 negotia
884 1302 1022 1347 singula
1058 1308 1226 1342 tractent,
1246 1309 1301 1350 ‚et
1341 1314 1416 1337 eam
1458 1294 1651 1341 inducant,
1682 1302 1740 1336 ad-

46 1359 237 1394 hortentur
268 1370 306 1394 ac
338 1351 457 1394 iuvent
489 1359 583 1393 (mini
615 1359 732 1394 studio
765 1363 799 1393 et
829 1364 976 1398 conatu,
1010 1365 1047 1393 ut
1070 1371 1147 1405 qino
1168 1358 1334 1394 conclusa
1358 1358 1508 1398 suerint,
1542 1358 1740 1405 praesertim

46 1420 163 1450 autem
194 1415 375 1462 iniperatie
408 1415 642 1461 undequaque
673 1415 830 1462 peennize
862 1415 1079 1450 exactionem
1111 1415 1303 1462 copiasque
1325 1414 1576 1461 expediendas,
1608 1414 1742 1461 stipen-

3 1471 101 1506 20dia
132 1470 316 1511 solvenda,
348 1471 640 1518 eoreordiamque
671 1471 878 1506 Christianae
910 1470 1115 1517 reipubliete
1146 1483 1184 1506 ac
1216 1471 1413 1518 przesertim
1447 1471 1511 1506 iani
1542 1470 1652 1506 dietas
1683 1482 1741 1505 sex

47 1538 218 1562 annorum
250 1527 406 1562 inducias
438 1527 562 1574 exequi
596 1540 634 1563 ac
664 1538 875 1563 conservare
908 1527 994 1561 lotis
1028 1526 1160 1562 viribus
1192 1533 1327 1562 curent.

855 1725 931 1766 VI.

135 1807 333 1848 Propositis
358 1806 613 1847 suprascriptis
639 1805 961 1837 consultationibus
988 1806 1128 1845 (Bzovii
1158 1806 1270 1837 verba
1302 1805 1411 1845 sunt),
1445 1808 1528 1835 ante
1563 1815 1668 1846 quam
1701 1805 1744 1835 ad

47 1862 343 1894 deliberationem
371 1866 405 1893 et
438 1862 611 1904 suffragia
644 1861 795 1892 ferenda
828 1862 913 1892 itum
947 1864 1059 1900 esset,
1092 1861 1286 1893 Udalricus
1319 1862 1498 1892 Huttonus
1538 1860 1745 1892 rabularuin

47 1918 234 1960 princeps,
268 1928 289 1949 a
314 1918 501 1949 Friderico
532 1919 632 1949 Duce
666 1917 849 1956 Saxonize,
885 1928 1018 1949 summo
1050 1917 1236 1957 Pontifici,
1276 1918 1497 1955 Austriacis,
1532 1920 1568 1948 et
1598 1916 1745 1948 Alberto

2 1973 33 1998 25
48 1974 195 2005 Primati
219 1974 413 2015 iniquiore,
448 1974 622 2004 adductus
654 1974 795 2026 iamque
828 1973 978 2005 Lutheri
1011 1974 1163 2005 classico
1197 1977 1322 2005 eontra
1354 1973 1475 2005 sedem
1502 1972 1744 2013 Apostolicam

47 2030 91 2061 ad
116 2030 374 2071 impudentiam
400 2031 578 2061 excitatus
604 2030 862 2061 dissuasoiiani
889 2029 1076 2060 calumniis
1104 2033 1138 2060 et
1162 2029 1312 2061 laesoriis
1338 2029 1480 2070 plenam
1513 2029 1547 2059 in
1574 2038 1746 2060 consessu

45 2086 251 2118 Electorum
278 2087 456 2126 evomuit,
490 2086 584 2116 inter
601 2085 684 2116 'alia
709 2086 895 2124 mentitus,
930 2085 1141 2117 Pontificem
1175 2086 1251 2117 auri
1285 2085 1465 2116 sitientem
1497 2095 1560 2127 per
1585 2085 1744 2126 speciem

46 2142 132 2175 belli
163 2144 259 2174 sacri
291 2143 383 2174 velle
417 2142 538 2173 orbem
570 2141 748 2183 expilare:
790 2153 833 2173 ea,
866 2141 908 2172 de
944 2152 1055 2172 causa
1087 2141 1230 2183 legatos
1265 2144 1433 2182 quatuor,
1477 2144 1515 2172 ut
1552 2141 1745 2182 pecuniam

47 2199 247 2240 mulgeant,
275 2199 492 2231 destinasse:
520 2209 649 2229 novam
676 2208 768 2228 nune
787 2198 1029 2237 'l‘yrannidem
1056 2208 1162 2239 super
1189 2198 1281 2229 alias
1307 2197 1492 2237 solennes,
1520 2207 1626 2238 super
1644 2196 1745 2226 Chri-

4 2252 35 2279 30
50 2255 187 2287 suanos
214 2256 459 2298 excogitasse,
487 2255 641 2285 Tureani
667 2254 738 2285 iam
765 2264 833 2285 non
861 2254 895 2284 in
921 2254 1023 2293 Asia,
1052 2254 1113 2285 sed
1139 2254 1175 2284 in
1201 2253 1311 2285 Italia
1338 2253 1582 2295 quau-endum,
1611 2252 1668 2294 qui
1694 2253 1744 2283 iu-

21 2302 154 2343 'bente
180 2312 434 2353 superstitione
468 2321 590 2342 aurum
622 2311 730 2352 petit,
763 2311 996 2341 renuentibus
1030 2310 1163 2341 fulmen
1195 2313 1371 2349 ostentat,
1409 2308 1551 2351 Templi
1587 2309 1744 2350 speeiem

139 2435 146 2455 ¹
173 2434 201 2466 ἃς
226 2446 334 2477 supra
359 2435 541 2476 proposito
562 2437 591 2466 1.
619 2445 727 2476 snpra
753 2434 872 2475 posita
891 2436 921 2465 -1,
987 2434 1168 2465 disserant
1192 2435 1296 2465 om.1.
1359 2432 1373 2451 ²
1399 2431 1456 2475 ac]
1486 2436 1521 2464 et
1540 2434 1570 2463 4.
1637 2437 1671 2462 et
1696 2431 1746 2472 11.]

50 2502 91 2524 ae
117 2502 149 2523 n.
169 2494 200 2523 2.
213 2494 245 2524 3.
292 2490 334 2511 ²·3
359 2494 431 2522 toto
459 2502 499 2522 eo
525 2494 566 2522 tr.
584 2493 613 2521 4.
670 2488 682 2508 ⁴
710 2492 744 2521 et
762 2490 799 2521 Ι).
820 2492 925 2522 2...4.
986 2489 998 2507 ³³
1025 2489 1075 2531 et]
1101 2501 1144 2521 ae
1164 2492 1194 2520 4.
1243 2489 1256 2507 ‘³
1281 2489 1436 2528 videtur,
1455 2488 1516 2520 ἃς..
1535 2490 1567 2519 3.
1595 2491 1744 2529 prout...

49 2547 190 2579 videtur
207 2549 310 2581 (ηιμ-1,
359 2549 370 2565 '³
397 2545 447 2589 et]
477 2558 520 2578 ac
539 2549 569 2579 4.
617 2546 628 2564 ²¹
656 2546 698 2576 ad
726 2545 788 2576 illa
808 2549 883 2577 2.3.
931 2545 986 2565 ”⁵¹⁰
1013 2550 1047 2577 et
1073 2544 1194 2588 etiam]
1222 2549 1272 2585 ut,
1299 2546 1407 2577 etiam
1427 2547 1458 2576 4.
1507 2543 1534 2563 ¹⁰
1560 2543 1666 2585 persa]
1688 2555 1744 2575 cx-

49 2603 199 2635 istentes
218 2605 248 2634 4.
322 2602 347 2622 ¹²
372 2600 551 2645 omnibus]
579 2603 720 2633 omnino
740 2604 768 2633 l.
842 2600 910 2621 ¹²⁴3
936 2605 1091 2644 prout
1110 2603 1336 2634 videbuntur.
1364 2613 1424 2633 om..
1449 2603 1511 2631 1...
1525 2604 1556 2631 JJ.
1623 2599 1647 2619 ¹⁵
1665 2611 1746 2631 san-

50 2663 143 2691 etum
169 2661 200 2691 4.
276 2658 299 2678 ’ἦ
325 2657 380 2700 ac]
410 2662 444 2690 et
470 2661 500 2690 4.
551 2659 669 2689 studio
697 2662 730 2689 et
749 2660 852 2689 camd.
901 2659 1043 2689 fuerunt
1062 2661 1092 2689 -Ι,
1143 2669 1246 2700 przes.
1267 2656 1355 2699 aut.]
1382 2656 1653 2699 przesertinique
1673 2658 1745 2687 2.3.

49 2716 247 2758 praesertim
319 2715 481 2746 inducias
499 2726 558 2746 om.
572 2717 602 2746 4.
670 2713 737 2747 ¹2³·‘2‘’
762 2715 841 2755 stip.
861 2714 947 2746 solv.
968 2714 993 2745 ἃ
1020 2714 1212 2747 solvendas
1231 2717 1306 2745 23.
1370 2712 1397 2732 ²¹
1422 2716 1485 2743 tot.
1506 2712 1570 2743 vir.
1591 2722 1690 2753 exeq.
1712 2715 1748 2743 et

52 2782 147 2804 cons.
167 2773 283 2804 curd.
356 2770 495 2812 „Apros
522 2771 622 2803 avoir
648 2769 815 2811 rapportc
842 2774 936 2801 cette
965 2771 1205 2801 consultation
1231 2770 1320 2801 dans
1346 2780 1409 2801 son
1436 2767 1600 2809 journal,
1633 2767 1665 2799 le
1692 2778 1746 2799 se-

52 2826 202 2859 creltaire
222 2828 268 2858 du
286 2827 494 2859 chancelier
515 2828 656 2868 Duprat
682 2827 751 2857 fait
776 2830 869 2857 cette
898 2825 1067 2857 reflexion
1094 2827 1244 2867 critique
1270 2836 1329 2857 sur
1353 2826 1473 2856 l'issue
1501 2826 1628 2865 qu'une
1663 2824 1746 2855 telle

51 2883 267 2924 divergenee
293 2883 474 2925 d'opinion
501 2886 536 2914 et
560 2881 727 2914 d'intesrct
752 2882 874 2913 ‹levait
899 2882 1176 2913 naturellenient
1202 2882 1292 2913 faire
1325 2879 1497 2923 presagcr
1522 2880 1542 2910 Ξι
1567 2882 1660 2910 cette
1687 2891 1746 2911 en-

51 2939 220 2980 treprise:
248 2940 328 2979 „De
353 2942 470 2971 tontes
496 2939 549 2970 les
575 2939 854 2978 consultationis,
890 2937 1000 2974 dit-.il,
1034 2938 1076 2973 de
1104 2938 1195 2969 faire
1228 2938 1263 2968 la
1290 2948 1416 2979 guerre
1444 2947 1488 2967 au
1514 2937 1623 2975 Ture,
1657 2939 1748 2968 ii'est

51 2995 138 3026 sorti
165 3005 281 3026 aucun
307 2995 424 3027 effect.
478 2997 549 3027 Par
576 2996 635 3036 qui
661 2995 685 3025 il
719 3006 739 3025 a
765 2996 873 3025 tenu?
903 2994 1050 3025 Nescio:
1091 2994 1188 3025 Deus
1215 2994 1295 3026 scit.
1327 2993 1437 3024 Miser
1463 2995 1516 3023 est
1540 3003 1650 3033 papa,
1687 3004 1747 3024 rex

51 3050 109 3083 vel
136 3051 303 3092 princeps
330 3051 424 3093 apud
449 3062 551 3093 quem
625 3051 744 3082 Verba
776 3050 1005 3081 1·etic(=11tur''.
1030 3051 1061 3080 J.
1168 3049 1194 3069 ²3
1221 3049 1299 3081 scil.
1334 3049 1530 3079 Huttenuni
1562 3051 1747 3080 auctorem

53 3106 165 3137 fuisse
192 3105 309 3137 libelli
340 3107 551 3139 dissuasorii
577 3118 684 3149 supra
710 3118 741 3148 p.
767 3106 838 3140 los,
857 3116 933 3147 sqq.
967 3105 1112 3146 repetiti
1145 3116 1221 3137 euni
1261 3106 1440 3147 plerisque
1474 3104 1548 3135 fore
1584 3105 1746 3136 omnibus

54 3161 146 3193 falso
166 3162 236 3193 sibi
254 3166 482 3203 persuaserat
499 3164 664 3195 Bzovius.
713 3162 740 3182 '2⁰
759 3163 854 3193 voluit
873 3161 1044 3201 loedoriis,
1073 3160 1295 3203 λοιδορίαις,
1324 3160 1507 3192 conviciis.
