2133 3585
314 283 406 329 182
474 303 612 325 'GEORGM
634 301 787 324 SABINVS
805 301 851 322 AD
870 301 1166 323 PROPOSITIONEM
1184 298 1426 321 MAXIMILIANI
1445 299 1519 321 IMP.
1539 299 1571 321 A.
1592 295 1665 321 1518.
1684 298 1838 321 FACTAM.

309 407 413 438 annis
438 417 507 438 non
532 405 652 437 fuerat
684 405 907 446 frequentior
939 407 1153 436 conventus:
1186 414 1269 434 nam
1299 402 1485 434 Electores
1511 402 1561 433 ibi
1592 413 1654 433 sex
1675 405 1794 442 erant,
1824 405 1859 434 et
1884 403 2007 434 caeteri

309 463 491 505 principes
517 462 738 504 potentiores
763 461 924 502 plerique
952 471 1089 500 01nnes3
1118 460 1268 492 aderant
1294 461 1330 490 et
1354 468 1477 500 regum
1502 458 1730 500 plurimorum
1756 458 1882 499 legati.
1915 459 2006 507 Leo-

307 519 362 551 nis
380 520 424 550 X.
451 519 577 550 summi
603 517 789 549 Pontificis
815 517 929 558 legati
961 520 1063 548 erant
1088 516 1282 547 Matthaeus
1314 514 1476 555 Langius
1501 511 1803 556 Archiepiscopus
1829 514 2006 546 Salisbur—

308 576 430 617 gensis
457 566 495 606 et*
517 575 672 606 Thomas
699 573 897 605 Caietanus
924 572 1129 604 Cardinalis
1156 574 1189 603 S.
1211 571 1318 609 sixti,
1349 571 1407 612 qui
1435 575 1601 612 quoniam
1629 574 1682 602 ex'
1697 571 1783 603 urbe
1808 571 1921 603 Roma
1948 571 2009 602 acl-

307 631 497 672 veniebat,
524 641 595 663 non
620 630 741 662 statim
767 630 871 661 initio
897 632 1094 661 conventus
1120 629 1258 660 aderat.
1306 628 1434 669 Itaque
1453 627 1578 659 Caesar
1601 628 1705 659 initio
1731 628 1939 669 Principum
1965 638 2008 659 ae

306 687 517 729 populorum
543 687 746 719 Germaniae
773 695 921 718 caussas
947 686 1101 725 audivit,
1137 688 1172 716 et
1205 684 1469 733 controversias
1501 684 1659 724 dirimit,
1700 694 1743 715 ne
1770 694 1840 724 qua
1864 685 2008 726 privata

307 744 483 776 dissensio
508 746 635 785 postea
660 743 945 774 deliberationes
971 742 1014 774 de
1039 742 1134 773 bello
1159 742 1313 772 Tui-eico
1339 740 1610 772 interturbaret.
1660 741 1706 771 Et
1732 740 1900 781 quoniam
1925 750 2006 771 eon-

307 800 427 832 silium
452 800 494 832 de
521 811 562 831 eo
588 799 682 831 bello
707 798 882 831 movendo
909 798 953 829 ad
979 798 1132 829 salutem
1158 798 1268 828 totius
1294 796 1391 828 orbis
1410 796 1609 828 Christiani
1634 796 1858 838 pertinebat,
1887 796 2008 828 existi-

306 856 431 888 mabat
457 855 576 887 Caesar
600 858 673 887 tum
699 855 839 886 demum
865 866 907 886 ea
934 854 975 885 de
1003 865 1039 885 re
1066 865 1145 886 esse
1171 853 1397 885 referendum
1424 853 1469 884 ad
1494 852 1698 894 Principes,
1735 862 1814 884 cum
1845 852 2008 885 advenis-

306 915 361 943 set
385 913 548 954 Legatus
572 911 803 950 Pontificius,
831 914 869 942 ut
894 911 1009 952 magis
1035 910 1191 952 intelligi
1216 913 1355 951 posset,
1390 910 1484 941 hanc
1509 911 1649 940 tantam
1674 920 1747 940 rem
1773 920 1843 941 non
1867 910 2009 951 privato

308 969 368 1011 agi
395 968 563 1007 consilio,
592 968 654 1000 sed
681 978 723 999 ex
748 968 871 999 officio
896 967 1145 1009 Imperatoris,
1183 970 1217 997 et
1249 966 1439 1007 flagitante
1472 975 1606 997 summo
1637 965 1833 1005 Pontifice,
1865 967 2009 997 nomine

305 1024 484 1056 universae
510 1024 687 1056 Ecclesiae
715 1023 950 1059 Christianae,
978 1023 1069 1063 quod
1095 1033 1154 1063 pro
1180 1022 1347 1054 universo
1366 1022 1450 1053 orbe
1470 1022 1569 1053 velut
1587 1022 1623 1053 in
1642 1023 1799 1053 statione
1819 1032 1898 1054 esse
1916 1032 2008 1054 sum-

306 1090 382 1112 mus
407 1080 577 1112 Pontifex
603 1083 638 1111 et
663 1081 861 1121 Imperator
886 1079 1054 1110 debeant.
1099 1082 1134 1109 et
1158 1078 1251 1109 hane
1277 1079 1483 1120 opinionem
1508 1078 1731 1119 profuturam
1766 1078 2010 1110 arbitrabatur

307 1137 352 1168 ad
378 1136 612 1168 accendenda
637 1136 756 1167 studia
783 1139 983 1167 exterarum
1016 1136 1202 1166 nationum
1236 1145 1278 1166 ae
1310 1135 1468 1175 Regum,
1502 1144 1645 1175 quorum
1680 1134 1832 1166 aderant
1862 1134 2008 1177 Legati,

308 1196 343 1224 et
368 1193 412 1224 ad
438 1192 644 1225 voluntates
668 1191 874 1233 Principum
902 1192 1106 1222 Germaniae
1132 1191 1350 1222 incitandas.

472 1252 613 1287 Summa
645 1251 823 1287 Orationis
854 1250 1007 1285 Matthaei
1038 1250 1161 1296 Langii
1194 1250 1463 1298 Archiepiseopi
1496 1249 1777 1297 Salislmrgensis
1808 1256 1844 1285 et

984 1306 1106 1353 Legati
1137 1306 1324 1343 Pontifieii.

395 1362 484 1393 Cum
510 1362 622 1403 igitur
648 1361 792 1392 tandem
824 1371 946 1392 mense
979 1360 1139 1402 Augusto
1172 1361 1384 1392 advenisset
1414 1361 1577 1402 Legatus
1608 1360 1836 1399 Pontificius,
1872 1359 2009 1403 egressi

303 1418 445 1450 obviam
472 1417 597 1449 Caesar
628 1421 664 1449 et
696 1428 818 1449 omnes
850 1417 1040 1458 Principes
1073 1417 1278 1449 Germaniae
1313 1420 1397 1449 ante
1436 1420 1560 1458 portas
1594 1417 1693 1449 urbis
1725 1417 1898 1460 Augustae
1931 1428 2009 1449 eum

302 1473 494 1516 magnifice
521 1477 752 1515 exceperunt.
801 1475 889 1506 Post
914 1474 990 1505 dies
1018 1473 1156 1515 aliquot
1182 1473 1306 1505 Caesar
1333 1473 1508 1505 adhibitis
1533 1473 1766 1515 Principibus
1793 1477 1828 1505 et
1854 1474 2008 1506 omnium

301 1531 438 1573 Regum
465 1541 508 1562 ac
534 1530 718 1561 nationum
739 1530 890 1571 Legatis
916 1531 952 1562 in
977 1529 1368 1571 maximaffirequentia
1393 1532 1549 1562 omnium
1575 1530 1737 1562 ordinum
1765 1540 1844 1562 eum
1871 1531 2010 1562 audivit

301 1590 540 1629 exponentem
572 1587 744 1618 mandata
777 1587 903 1618 summi
936 1586 1122 1618 Pontifieis
1155 1589 1191 1618 et
1222 1586 1428 1617 hort-antem
1460 1587 1607 1628 publico
1646 1586 1789 1618 nomine
1828 1586 2008 1619 universae

299 1643 480 1675 Ecclesiae
509 1643 662 1683 Christi,
690 1645 873 1685 praecipue
898 1644 1178 1685 Imperatorem,
1206 1643 1335 1674 deinde
1354 1643 1545 1685 Principes
1573 1646 1607 1675 et
1621 1644 1757 1684 Regum
1782 1643 1944 1685 legatos,
1970 1647 2010 1674 ut

301 1700 479 1732 communi
506 1699 655 1731 consilio
683 1702 718 1731 et
744 1700 947 1731 coniunctis
974 1700 1104 1731 animis
1131 1699 1264 1730 bellum
1290 1699 1388 1741 pium
1414 1702 1521 1740 atque
1547 1699 1794 1731 necessarium
1825 1699 1897 1731 iam
1929 1703 2008 1731 tan-

298 1756 378 1787 dem
405 1756 648 1798 susciperent,
676 1759 715 1787 ut
741 1756 921 1787 Graeeiam
948 1759 1054 1797 atque
1080 1756 1203 1787 Asiam
1231 1766 1273 1786 ex
1298 1756 1507 1797 turpissima
1534 1759 1569 1787 et
1600 1755 1801 1788 miserrima
1832 1757 2007 1788 servitute

298 1813 500 1854 eriperent,
528 1815 568 1843 ut
593 1812 715 1844 hostes
741 1815 952 1854 grassantes
978 1813 1049 1843 iam
1076 1813 1112 1843 in
1138 1812 1270 1844 vicinis
1298 1807 1419 1853 regnis
1445 1811 1698 1854 reprimerent,
1726 1815 1766 1844 111
1791 1813 1912 1845 orbem
1937 1816 2007 1845 ter-

296 1879 415 1900 rarum
442 1868 691 1900 crudelissimo
717 1869 912 1901 latrocinio
939 1871 975 1900 et
999 1869 1183 1910 sacrilega
1202 1871 1237 1899 et
1255 1868 1399 1900 nefaria
1417 1872 1539 1908 secta,
1568 1869 1832 1902 contumeliosa
1850 1870 1887 1901 in
1906 1869 2006 1901 Chri-

295 1928 406 1964 stum,
434 1924 646 1958 liberarent.
695 1926 863 1957 Addebat
889 1926 999 1957 etiam
1025 1925 1067 1956 de
1087 1926 1221 1956 Leonis
1240 1926 1282 1958 X.
1311 1925 1517 1968 voluntate,
1544 1935 1661 1967 neque
1688 1926 1921 1958 autoritatem
1945 1937 2006 1958 ne-

297 1991 363 2022 que
398 1991 484 2022 opes
516 1982 741 2022 pontificias,
781 1993 896 2023 neque
930 1981 1119 2013 consilium
1153 1983 1230 2013 eius
1269 1981 1344 2012 ulla
1384 1982 1419 2012 in
1458 1992 1495 2012 re
1534 1981 1616 2013 huie
1653 1983 1831 2014 communi
1868 1993 2006 2015 caussae

294 2037 501 2069 defuturum
528 2047 619 2069 esse.
662 2038 729 2070 hoe
756 2038 906 2070 consilio
933 2039 1093 2070 Leonem
1120 2038 1223 2069 initio
1249 2038 1482 2079 pontificatus
1509 2038 1651 2069 dedisse
1678 2049 1843 2080 operam,
1874 2042 1913 2070 ut
1937 2051 2008 2081 pax

292 2093 412 2125 Italiae
439 2094 714 2135 restitueretur,
743 2105 820 2126 cum
848 2095 989 2136 quidem
1016 2095 1186 2126 iustiores
1212 2094 1387 2126 bellorum
1413 2095 1667 2126 movendorum
1693 2106 1842 2127 caussas
1859 2096 2006 2128 habuis-

292 2153 348 2182 set
374 2160 479 2192 quam
504 2150 668 2193 plerique
697 2155 826 2190 antea,
856 2151 919 2182 sed
944 2152 1108 2193 privatas
1134 2152 1285 2182 iniurias
1313 2161 1391 2182 eum
1419 2151 1642 2183 condonasse
1669 2152 1822 2194 publicae
1847 2154 2006 2185 necessi—

292 2207 379 2246 tati,
406 2207 565 2239 voluisse
592 2208 703 2239 etiam
729 2218 806 2239 eum
835 2208 997 2250 exemplo
1024 2209 1113 2249 ipsis
1147 2207 1295 2249 praeire,
1332 2218 1464 2249 eosque
1497 2208 1550 2239 sic
1584 2209 1758 2247 invitare,
1792 2212 1831 2240 ut
1864 2210 2006 2241 omissis

291 2263 477 2294 intestinis
503 2263 611 2295 bellis
638 2265 674 2295 in
701 2275 886 2296 commune
916 2265 1157 2307 consulerent.
1207 2274 1292 2306 opes
1319 2275 1403 2296 vero
1436 2264 1644 2306 pontificias
1679 2275 1853 2307 nusquam
1878 2266 2006 2297 melius

292 2319 466 2351 collocari
492 2330 597 2360 qnam
624 2320 659 2351 in
686 2321 777 2351 1111110
804 2331 922 2361 usum,
951 2321 1085 2352 nullam
1112 2321 1307 2363 gratiorem
1335 2321 1600 2363 eleemosynam
1621 2322 1697 2353 Deo
1716 2332 1820 2363 posse
1838 2306 2006 2364 praestari

291 2385 397 2416 quam
424 2376 519 2406 hanc
547 2376 681 2417 ipsam,
709 2387 778 2417 qua
805 2381 855 2408 tot
881 2381 1009 2418 gentes
1043 2377 1148 2408 simul
1175 2388 1192 2408 e
1219 2378 1395 2409 servitute
1428 2381 1463 2409 et
1495 2378 1683 2419 impietate
1717 2379 1944 2420 eriperentur
1971 2383 2006 2411 et

288 2431 433 2462 nefaria
459 2432 629 2473 impietas
656 2432 849 2463 deleretur.
910 2434 1004 2464 Huic
1036 2434 1193 2465 orationi
1227 2444 1304 2465 eum
1338 2444 1484 2475 gravem
1519 2434 1703 2475 querelam
1737 2435 1938 2468 addidisset
1962 2436 2004 2468 de

291 2497 414 2518 earum
439 2488 599 2529 gentium
626 2489 800 2520 zernmnis
828 2492 864 2519 et
891 2490 1121 2521 contumeliis
1148 2490 1353 2531 religionis,
1382 2493 1418 2522 et
1435 2491 1539 2523 simul
1560 2495 1877 2524 commemorasset
1895 2502 2005 2534 quan-

289 2544 335 2575 tis
361 2544 598 2575 incrementis
626 2545 757 2586 exiguo
787 2546 974 2577 admodum
993 2549 1152 2588 tempore
1170 2548 1337 2588 potentia
1355 2548 1553 2579 Tui-carum
1574 2550 1683 2579 aucta
1703 2551 1815 2587 esset,
1843 2557 1914 2580 non
1931 2551 2005 2580 tam

287 2600 423 2631 virtute
450 2600 607 2642 ipsorum
634 2611 740 2642 quam
767 2602 1055 2635 Christianorum
1090 2603 1227 2645 Regum
1261 2614 1324 2635 sen
1363 2604 1591 2646 negligentia
1623 2615 1687 2636 sen
1718 2604 1901 2644 intestinis
1933 2604 2003 2637 dis-

286 2656 438 2695 cordiis,
467 2657 603 2688 adiecit
629 2668 667 2689 sc
694 2669 736 2689 eo
762 2658 834 2689 ista
860 2658 953 2700 apud
980 2659 1175 2701 Principes
1205 2660 1353 2702 Imperii
1382 2661 1499 2702 queri,
1535 2661 1616 2701 quia
1645 2661 1728 2692 huie
1752 2661 1893 2693 nationi
1919 2661 2006 2693 Ger-

289 2713 441 2744 manica»
470 2713 654 2755 praecipue
687 2714 878 2746 ‹ommissa
911 2718 1007 2747 esset
1039 2716 1205 2747 defensio
1239 2717 1440 2748 Christiani
1473 2717 1588 2755 orbis,
1628 2728 1695 2749 nee
1734 2717 1841 2749 alium
1876 2718 2003 2750 ducem

283 2769 378 2800 tanti
404 2769 492 2800 belli
517 2770 593 2801 iure
625 2770 809 2811 designari
845 2782 951 2812 pesse
978 2773 1049 2803 nisi
1074 2773 1353 2814 Imperatorem,
1387 2784 1429 2804 ae
1461 2776 1654 2815 propterca
1686 2774 1779 2806 hane
1804 2774 2000 2814 nationem,

283 2836 361 2867 quse
390 2826 552 2858 excellat
577 2837 647 2858 non
674 2827 787 2858 solum
814 2827 930 2869 gloria
956 2829 1009 2859 rei
1035 2829 1223 2869 militaris,
1251 2830 1313 2861 sed
1333 2831 1441 2861 etiam
1458 2830 1606 2871 Imperii
1624 2831 1822 2871 dignitate,
1850 2831 2001 2873 primum

287 2882 419 2914 debere
450 2893 550 2914 arma
577 2894 729 2926 capere,
765 2885 948 2916 anteferre
984 2885 1135 2926 privatis
1169 2885 1362 2919 affectibus
1389 2896 1610 2918 communem
1641 2887 1797 2919 salntem
1821 2887 2001 2919 Ecclesiae

290 2942 325 2969 et
350 2939 498 2980 Imperii
525 2940 760 2982 ‹lignitatem3
800 2951 866 2971 nec
900 2942 1005 2973 nobis
1039 2942 1127 2973 alibi
1159 2943 1287 2975 ducem
1319 2943 1548 2985 quaerendum
1582 2953 1678 2982 esse,
1718 2954 1785 2975 nec
1818 2944 2001 2976 nationem

285 3000 465 3027 amantem
492 2996 678 3028 libertatis
707 2997 806 3037 cogi,
836 3002 874 3028 ut
901 3001 1060 3030 externis
1087 3000 1249 3041 imperiis
1275 3003 1421 3041 pareat:
1448 2999 1583 3031 habere
1610 3011 1674 3031 nos
1699 2993 1998 3041 Maximilianum,

283 3052 343 3094 qui
368 3051 578 3093 prudentia,
608 3053 762 3093 virtute,
792 3054 951 3086 scicntia
977 3056 1029 3086 rei
1056 3056 1224 3087 militaris
1251 3067 1321 3088 non
1340 3056 1452 3088 solum
1472 3060 1623 3088 czeteros
1642 3058 1782 3097 Reges,
1808 3056 1872 3088 sed
1891 3057 2000 3088 etiam

284 3108 506 3140 clarissimos
533 3112 568 3140 et
596 3109 836 3151 peritissimos
863 3112 1019 3142 omnium
1047 3113 1232 3143 nationum
1260 3115 1465 3155 superaret,
1499 3123 1565 3143 nee
1599 3113 1749 3145 destitui
1776 3124 1856 3145 eum
1877 3113 1999 3145 -feliei-

283 3168 360 3196 tate
386 3165 421 3195 in
449 3165 555 3196 rebus
582 3166 769 3206 gerendis,
799 3169 834 3197 01
863 3167 976 3198 Deum
1003 3169 1113 3200 rectis
1140 3172 1176 3200 et
1200 3169 1271 3211 piis
1299 3168 1461 3201 consiliis
1489 3171 1524 3200 et
1540 3168 1720 3201 Ecclesiae
1746 3171 1841 3201 votis
1868 3169 1996 3201 affutu-
