2133 3585
136 306 267 328 LEONIS
287 306 402 328 X-CVM
413 305 896 332 CARDINALIBAERATORIBQ.
910 305 1108 327 CONSVLTT.
1129 304 1197 326 PRO
1216 305 1343 326 EXPED.
1356 303 1498 326 CONTRA
1518 304 1620 326 TVRC.
1634 297 1702 326 etc.
1735 277 1825 330 147

133 411 168 447 Si
200 410 482 458 suscipiendum,
514 410 733 446 ιιοιοιιείιιιιιι
764 421 825 450 ne,
858 421 900 445 an
933 409 1166 445 offensivum?
1849 415 1875 442 11.

132 466 215 510 Quae
246 466 329 502 belli
360 466 622 515 susceptionem
654 466 823 514 impedite
853 477 959 514 posse
989 465 1174 500 videantur
1186 493 1194 509 ‚
1227 471 1262 501 et
1283 447 1463 513 quomodo
1485 476 1524 500 ea
1545 464 1773 500 dimovenda?
1850 472 1889 499 ιιι.

131 524 183 558 An
212 522 344 558 bellum
375 528 579 570 susceptum
611 534 674 569 pei
705 534 825 558 omnes
847 522 1064 557 Christianos
1095 521 1274 569 piincipes
1297 522 1535 570 gerendum,
1543 532 1584 556 an
1606 532 1700 568 per
1692 519 1830 568 aliquos
1853 529 1888 555 tv.

215 584 370 619 tantum,
403 585 438 615 et
468 590 532 626 per
563 585 666 626 quot,
700 585 758 614 aut
790 578 905 627 quos?

105 643 118 667 5
137 634 275 678 Quanto
306 640 479 683 apparatu
510 634 642 670 bellum
674 635 742 671 lioc
772 634 897 671 instrui
931 639 965 669 et
995 633 1072 681 geri
1111 634 1318 670 conveniat?
1359 646 1398 670 ac
1428 634 1469 669 de
1500 633 1606 669 rebus
1639 633 1680 669 ad
1711 633 1834 669 liuius·
1854 637 1878 664 V.

215 691 309 727 modi
340 696 549 740 apparatum
581 692 803 727 necessariis.

213 747 331 783 Primo
362 748 403 783 de
434 747 697 784 reconciliando
729 748 806 783 deo.

215 804 370 840 secundo
402 804 444 840 dc
474 805 646 852 pecuniis.

216 860 322 896 tertio
354 860 397 896 dc
427 861 540 908 copiis
570 860 796 896 militaribus.

89 921 119 946 ¹0
216 914 337 959 Quoad
368 917 558 964 pecunias,
601 917 780 964 quomodo
812 915 1001 964 cogendae,
1041 927 1119 963 quae
1159 906 1260 951 satis'
1278 926 1355 950 esse
1385 916 1544 963 possint,
1585 921 1619 951 et
1650 926 1714 963 per
1745 926 1835 963 quos

298 971 557 1013 cust'odiemlae,
590 985 628 1009 ac
658 973 927 1021 dispensandae?

214 1027 335 1071 Quoad
367 1029 538 1065 militares
570 1029 711 1077 copias,
742 1041 781 1065 ex
814 1028 943 1077 quibus
975 1028 1202 1076 potissimum
1234 1027 1457 1068 nationibus,
1500 1033 1534 1063 et
1567 1039 1670 1076 quem
1703 1028 1742 1064 ad
1775 1040 1838 1064 nu-

298 1097 452 1127 merum,
488 1092 555 1122 tam
587 1091 924 1133 espiestres‚,quam
955 1086 1137 1133 pedestres
1168 1085 1387 1121 assumendae
1420 1085 1514 1120 sint?

297 1141 339 1177 Et
369 1143 444 1178 lunc
475 1143 515 1177 ad
547 1141 630 1177 belli
662 1147 868 1190 apparatum
900 1142 1092 1190 pertinent..

90 1203 118 1228 ¹5¹
132 1198 196 1249 Ad·
215 1197 515 1234 consultationem
548 1211 630 1234 vero
662 1206 697 1234 et
727 1199 1068 1234 administi-ationem
1101 1197 1183 1234 belli
1215 1198 1379 1246 gerendi:
1857 1200 1894 1227 W-

214 1255 333 1291 Primo
358 1267 433 1306 ‘qua
463 1255 516 1290 via
555 1255 710 1290 cundum
751 1256 798 1291 sit
836 1256 1003 1291 adversus
1044 1255 1184 1296 hostes,
1226 1261 1319 1291 terra
1357 1266 1400 1291 ne
1432 1266 1472 1290 an
1513 1255 1620 1294 mari,
1664 1266 1704 1290 an
1737 1259 1838 1290 utro-

299 1302 367 1359 que
399 1311 529 1347 modo?

214 1367 377 1403 Secundo
408 1379 449 1402 an
482 1367 594 1402 diviso
628 1368 662 1403 in
694 1373 812 1414 partes
844 1368 1001 1404 exercitu
1033 1373 1067 1403 et
1100 1368 1262 1403 terrestri
1295 1373 1329 1403 et
1350 1367 1547 1407 maritimo,
1580 1378 1622 1402 an
1645 1366 1780 1402 viribus
1805 1367 1838 1402 in

299 1436 407 1459 unum
439 1424 597 1459 coactis?

85 1486 117 1511 20
215 1481 333 1516 Tertio
366 1491 435 1527 quo
468 1480 594 1515 itinere
625 1485 660 1515 et
691 1485 783 1515 terra
815 1479 946 1516 milites
977 1480 1125 1515 docendi
1159 1486 1193 1515 et
1224 1480 1311 1515 mari
1347 1480 1571 1515 traiiciendi?

212 1536 345 1580 Quarto
377 1536 435 1572 ubi
467 1536 655 1571 convenire
688 1537 720 1571 in
753 1548 859 1572 unum
893 1537 1090 1576 exercitus,
1131 1542 1166 1572 et
1206 1549 1285 1584 quze,
1327 1537 1481 1584 primum
1521 1542 1581 1572 aut
1611 1537 1837 1584 potissimum

295 1592 371 1628 loca
402 1593 558 1628 hostium
589 1593 716 1628 debeat
746 1593 932 1629 invadere?

213 1648 344 1693 Quinto
377 1661 456 1697 quae
488 1649 724 1697 providenda,
764 1655 804 1685 ut
840 1654 1024 1685 comeatus
1063 1649 1255 1685 necessarii
1297 1650 1432 1686 nostris
1465 1649 1677 1685 exercitibus
1710 1658 1839 1697 suppe-

295 1706 479 1741 ditentur?

86 1769 117 1794 2‘13
134 1761 245 1798 Erunt
275 1768 310 1797 et
341 1761 406 1797 alia
437 1762 507 1797 duo
538 1753 757 1798 extrinsecus
788 1763 828 1798 ad
861 1763 965 1798 liuius
997 1761 1079 1798 belli
1112 1762 1285 1798 rationem
1317 1762 1370 1798 vel
1393 1762 1606 1803 neccssaria,
1639 1761 1689 1797 vel
1714 1761 1836 1798 utilia:

212 1819 368 1855 Primum
391 1830 428 1854 ca
453 1830 530 1866 qua?
553 1819 620 1854 hoc
642 1819 735 1854 hello
758 1819 988 1866 acquirentur
1018 1818 1060 1865 (si
1083 1819 1169 1854 deus
1192 1819 1346 1866 affuerit)
1379 1819 1558 1867 quomodo
1584 1814 1588 1870 Ι
1613 1819 1704 1854 inter
1735 1819 1928 1858 Chri—(pa.)

297 1875 433 1910 stianos
465 1875 663 1922 principes,
705 1880 740 1910 et
771 1887 920 1923 quorum
953 1875 1083 1911 iudicio
1115 1875 1319 1916 dividenda,
1361 1880 1396 1911 et
1427 1881 1506 1911 ante
1538 1875 1670 1911 bellum
1702 1887 1765 1916 ne,
1797 1887 1838 1910 an

297 1936 398 1979 post,
430 1937 470 1967 ut
501 1943 616 1967 causze
646 1931 762 1966 litium
785 1932 1035 1967 amoveantur?

214 1987 394 2028 Alterum,
434 1999 476 2023 an
516 1988 643 2035 aliquis
684 1987 877 2023 infidelium
909 1988 1110 2035 principum
1143 1988 1209 2023 sihi
1250 1994 1429 2029 metuens,
1469 1994 1670 2036 suspectam
1703 1987 1837 2023 liabens

88 2053 118 2077 :30
302 2044 448 2080 ΤΙιιιιόιιι
480 2045 694 2091 potentiam,
728 2044 774 2079 sit
805 2045 845 2079 ad
877 2044 982 2080 liuius
1015 2044 1096 2080 belli
1128 2050 1265 2092 partem
1297 2045 1546 2093 capessendam
1578 2057 1616 2079 ex
1641 2055 1705 2080 suo
1729 2044 1863 2079 latere>

298 2112 361 2149 per
390 2112 455 2136 nos
479 2100 701 2136 incitandus?
767 2137 776 2146 ‚

216 2157 457 2193 Prannisimns
488 2157 601 2205 capita
635 2169 754 2193 rerum
787 2169 866 2205 qua]
900 2158 934 2192 in
956 2156 1255 2193 consultationem
1279 2158 1422 2193 veniunt
1444 2168 1507 2205 per
1530 2157 1714 2196 ordinem,
1746 2168 1838 2193 nunc

131 2213 280 2261 singulis
311 2214 433 2250 eodem
466 2214 590 2249 ordine
622 2213 840 2261 explicandis
871 2219 1029 2249 nostram
1062 2215 1272 2250 sententiam
1304 2213 1660 2250 accommodabimus.

521 2281 697 2337 'Prilnum
730 2293 772 2317 an
803 2281 871 2317 hoc
902 2281 1031 2317 bellum
1065 2283 1110 2318 sit
1141 2282 1417 2330 suscipiemlum.

89 2358 120 2384 35
215 2349 289 2386 lloc
319 2361 390 2385 non
422 2350 561 2385 videtur
590 2350 713 2386 cadere
746 2349 779 2384 in
812 2348 1131 2389 consultationem,
1173 2361 1243 2386 non
1283 2350 1375 2386 enim
1408 2351 1474 2385 iam
1507 2356 1561 2385 est
1593 2350 1626 2384 in
1658 2354 1837 2396 potestate
1857 2355 1874 2382 1.

133 2411 274 2447 nostra,
315 2418 392 2442 eum
432 2412 555 2442 noster
593 2412 748 2442 {eternus
791 2412 826 2441 et
864 2406 954 2441 idem
992 2407 1263 2453 potentissimus
1296 2407 1412 2442 hostis
1444 2406 1614 2442 maximos
1648 2411 1837 2453 apparatus

133 2462 255 2498 fecerit
285 2463 462 2511 faciatque
499 2463 539 2499 ad
579 2474 645 2498 nos
687 2468 722 2498 et
761 2468 856 2497 statu
888 2468 923 2497 et
954 2463 1110 2498 fortunis
1142 2468 1177 2498 et
1208 2464 1274 2498 vita
1308 2463 1383 2510 ipsa
1415 2463 1655 2498 extui·l›.'111‹los
1688 2475 1725 2498 ae
1757 2474 1839 2509 spo-

131 2518 285 2559 liandos,
319 2519 507 2567 palamque
540 2520 647 2555 iactet
678 2518 777 2554 valde
809 2518 979 2554 ferociter
1011 2530 1048 2553 se
1081 2519 1255 2555 orientem
1288 2520 1392 2555 modo
1416 2519 1622 2566 subegisse,
1654 2530 1748 2553 nunc
1769 2524 1839 2554 sta-

136 2575 195 2611 tim
227 2576 517 2612 att-occidentem
551 2587 646 2611 arma
677 2580 901 2615 convertere,
942 2587 1007 2611 nec
1048 2576 1094 2610 sit
1132 2575 1198 2610 nisi
1239 2576 1402 2611 universa
1434 2575 1700 2611 Clu-istianitate
1738 2580 1837 2622 capta

90 2639 120 2664 4ο
134 2631 206 2667 ullo
236 2632 340 2668 modo
373 2633 580 2680 quieturus,
613 2638 652 2668 ut
683 2644 747 2667 nos
779 2637 838 2666 aut
870 2631 952 2667 dare
985 2631 1034 2666 illi
1068 2633 1178 2678 gratis
1212 2637 1374 2668 nostrum
1406 2632 1626 2679 sanguinem,
1660 2636 1719 2666 aut
1742 2632 1838 2666 ferro

132 2699 209 2724 cum
240 2700 281 2724 eo
318 2689 499 2724 decertare
532 2694 716 2738 oporteat:
749 2687 885 2723 nullum
919 2688 1030 2735 igitur
1062 2688 1168 2740 habet
1199 2688 1314 2724 locum
1348 2688 1584 2727 consultatio,
1633 2687 1691 2723 ubi
1724 2688 1837 2723 inter-

131 2745 225 2780 venit
254 2746 459 2781 necessitas.
1373 2737 1378 2745 ’

222 2843 231 2864 ¹
256 2844 303 2876 Et
328 2846 358 2876 si
378 2847 406 2876 1.
470 2842 484 2864 ²
510 2855 648 2886 quoquo
667 2843 769 2875 modo
789 2846 820 2874 2.
834 2845 865 2874 3.
938 2842 950 2862 5
968 2843 1118 2875 liuiusm.
1138 2854 1198 2875 om.
1220 2846 1296 2876 2.3.
1345 2843 1357 2863 7
1375 2844 1534 2875 Primum
1556 2845 1584 2875 1.
1652 2841 1679 2862 ¹⁰
1704 2842 1750 2874 Et
1769 2853 1836 2884 quo

135 2899 227 2932 adl.
277 2899 304 2920 ¹²
329 2901 374 2932 ad
400 2911 503 2943 quem
529 2911 562 2932 11.
582 2903 613 2932 2.
685 2898 713 2919 22
737 2899 896 2940 debeant
922 2902 955 2930 A.
970 2902 998 2931 1.
1061 2899 1089 2919 ²³
1116 2910 1238 2931 comm.
1261 2901 1325 2931 1.2.
1390 2900 1418 2920 ²⁶
1445 2900 1517 2932 adf.
1538 2902 1567 2930 2.
1639 2897 1666 2919 ²⁵
1685 2908 1796 2930 causa
1814 2898 1836 2930 l.

135 2953 353 2987 amoveatur.
373 2959 405 2988 2.
448 2966 559 2989 causa
575 2956 598 2988 l.
618 2958 846 3002 removeatur
865 2958 898 2987 3.
970 2955 997 2975 ²⁴³
1026 2959 1061 2987 et
1084 2966 1181 2997 susp.
1202 2958 1230 2987 1.
1308 2955 1335 2975 ³⁰
1360 2957 1487 2988 Turcae
1508 2958 1536 2986 1.
1565 2955 1681 2997 abique
1703 2966 1768 2996 per·
1795 2955 1836 2985 eli

133 3009 161 3030 ³²
180 3011 452 3045 consultatione
480 3016 513 3045 3.
584 3011 613 3032 ³⁴
638 3012 665 3044 Ι.
685 3012 739 3043 An
759 3015 788 3043 1.
814 3012 900 3053 Cap.
920 3012 946 3043 1.
966 3012 1020 3043 An
1038 3016 1100 3043 etc.
1121 3014 1153 3043 2.
1174 3011 1293 3053 Capit.
1311 3012 1337 3044 1.
1356 3012 1410 3043 An
1431 3015 1463 3043 3.
1483 3016 1514 3042 el
1531 3013 1578 3042 si<-
1596 3012 1627 3042 ίιι
1644 3023 1718 3053 sqq.
1738 3022 1835 3052 capp.

134 3067 308 3099 Rubricum
325 3069 413 3100 omis.
433 3072 464 3101 4.
495 3070 556 3101 sed
570 3073 648 3111 post
665 3081 692 3101 υ.
711 3068 1012 3100 consultationem
1037 3069 1158 3099 adiecit
1176 3068 1340 3099 nimirum
1365 3078 1409 3100 an
1428 3067 1560 3099 bellum
1587 3068 1634 3098 sit
1652 3077 1743 3098 nune
1763 3078 1836 3098 sus-

136 3123 349 3164 cipiendum,
421 3124 449 3144 ³⁵
467 3125 751 3158 consolationem
772 3129 806 3156 A.
877 3123 905 3145 ³⁶
924 3124 1017 3157 idem
1036 3126 1137 3156 om.2.
1209 3123 1237 3144 ³⁷
1255 3125 1440 3165 facietque
1461 3126 1493 3155 3.
1512 3126 1542 3155 4.
1613 3122 1641 3143 ³⁸
1666 3124 1783 3155 iactat
1802 3127 1836 3153 A.

137 3177 237 3210 staini
260 3182 286 3211 1.
338 3178 416 3223 seiz]
433 3181 610 3213 velociter
628 3184 704 3213 Α.1.
752 3180 780 3200 ‘²³'
799 3192 835 3212 se
864 3192 964 3213 conv.
993 3181 1085 3213 velle
1107 3183 1133 3212 1.
1186 3178 1208 3200 ¹¹
1229 3178 1431 3221 decertare]
1459 3180 1655 3210 decernere
1683 3182 1776 3210 2...5.

1456 3238 1499 3273 it)
1520 3238 1537 3258 ³³³
